1980 2649
972 154 1012 185 42

205 255 293 291 leges
313 241 453 289 Origines
472 250 669 288 conscripsit,
692 250 823 286 addidit,
845 250 959 288 quibus
980 250 1097 281 artibus
1119 250 1217 280 Galba
1237 249 1367 290 aaut:
1387 254 1484 282 esset.
1524 251 1594 282 Non
1614 251 1707 289 isim·
1721 253 1786 289 est,

205 317 262 339 cur
280 308 395 338 idcirco
422 314 529 344 pamm
548 308 694 336 accurate
713 306 865 343 Nepotem
892 306 983 336 finem
1005 305 1162 344 Originum
1188 304 1338 336 definisse
1365 309 1453 345 putet
1476 306 1786 348 Nipperdey,—quod

206 371 285 393 anno
312 365 385 400 post
401 365 583 399 praeturam,
611 369 702 399 quem
727 362 834 399 Nepos
862 362 954 392 finem
981 362 1080 392 fuisse
1107 361 1183 391 dicit
1209 360 1377 399 Originum,
1410 352 1579 404 aecusatus
1604 365 1655 393 est
1678 363 1785 395 Galba.

205 420 320 450 Omnes
341 419 432 455 igitur
450 418 574 454 septimi
594 418 662 448 libn'
684 421 787 447 certae
807 419 956 455 reliquiae
984 419 1068 455 quod
1091 418 1131 447 ad
1151 418 1330 454 Hispaniam
1350 414 1617 457 spectant,“etiam
1637 419 1695 456 frg-
1717 419 1786 456 117,

206 475 290 512 quod
310 476 361 504 est
380 474 419 504 de
440 482 552 511 pugna,
571 482 634 511 qua
652 474 770 511 fugavit
783 474 858 505 Cato
872 475 983 505 consul
997 474 1165 512 Hispanos,
1179 473 1241 504 hue
1254 462 1448 513 resereudum
1463 476 1580 505 censui.
1620 476 1785 506 Numerum

204 538 367 571 caesorum
390 530 473 566 quod
493 538 554 559 nou
571 530 751 567 adscripsit,
772 538 849 560 sane
864 531 973 560 mirum
988 530 1123 560 debebat
1135 530 1235 560 videri
1248 530 1297 566 iis,
1318 530 1371 568 qui
1390 537 1442 560 res
1458 532 1564 567 gestas
1579 532 1785 562 Romanorum

207 594 277 616 eum
298 586 465 622 scripsisse
486 586 677 623 existimant;
705 586 778 625 mihi
799 595 861 616 nun
882 587 980 624 magis
1002 587 1109 616 mirum
1128 586 1264 622 videtur,
1291 593 1383 624 quam
1409 586 1494 623 quod
1521 586 1634 617 ducum
1658 588 1783 618 nomina

178 646 181 686 j
206 643 379 679 Originibus
402 643 539 671 detraxit.
580 642 703 678 Restat,
729 645 763 672 ut
789 643 829 672 de
855 646 946 673 sexto
968 644 1045 673 libro
1075 642 1275 680 conjiciamus
1309 643 1383 679 quid
1412 642 1604 672 continuisse
1635 644 1785 674 videatur.

178 688 181 694 ’
205 699 331 733 Unicum
353 698 407 734 srg.
422 698 500 728 satis
522 701 573 728 est
589 699 755 736 incertum3
776 698 973 729 nihilominus
993 700 1150 736 Wagener
1170 698 1399 734 adorationem
1421 699 1572 728 adversus
1595 698 1784 729 carneadem

205 754 337 783 habitam
352 754 451 782 refert.
480 755 569 790 Quod
583 754 657 783 mihi
667 755 870 792 ,iudicandum
882 755 1004 784 videtur
1025 755 1064 784 de
1079 754 1268 790 orationibus
1283 751 1321 783 ²in
1336 754 1477 791 Origines
1495 755 1624 785 inclusis
1638 754 1671 783 id
1690 755 1785 784 modo

203 810 356 846 explicavi
365 820 373 846 ;
386 814 545 846 praeterea
553 811 637 840 credi
644 819 705 840 non
712 814 825 848 potest,
835 814 957 840 sextum
963 811 1070 840 librum
1080 816 1131 839 res
1140 800 1311 840 srRomanis
1319 812 1425 847 gestas
1438 811 1477 839 ab
1484 818 1563 840 anno
1571 810 1784 840 ducentesimo

204 874 305 902 usque
327 867 366 894 ad
388 873 500 895 annum
521 867 723 896 centesimum
752 867 1041 904 quinquagesimum
1063 867 1199 902 quintum
1227 866 1434 901 continuisse,
1462 874 1523 903 quo
1550 870 1689 903 tempore
1717 874 1785 902 gra-

203 921 331 949 vissima
351 922 434 949 bella
456 925 544 958 gesta
564 925 644 952 sunt.
688 924 784 960 Quum
806 923 897 959 igitur
916 923 1006 960 plane
1019 922 1154 952 incertae
1174 921 1260 951 sedis
1277 921 1318 951 sit
1336 921 1401 957 frg„
1424 921 1511 950 aliter
1524 929 1575 951 res
1591 921 1786 958 expedienda

204 977 268 1005 erit.
309 976 355 1005 Ex
376 985 444 1006 mea
466 980 694 1014 computatione
716 980 747 1008 in
766 980 842 1008 libro
866 982 976 1015 quarto
998 979 1095 1007 inerat
1109 978 1231 1007 Siciliae
1253 978 1432 1013 descriptio,
1454 978 1483 1006 in
1506 978 1611 1013 quinto
1632 977 1735 1014 Illyria
1755 980 1786 1005 et

203 1034 305 1069 aliqua
329 1033 528 1062 Macedoniae
556 1042 639 1070 pars.
681 1035 714 1064 Si
739 1038 834 1064 totam
855 1034 1066 1063 Macedoniam
1095 1035 1125 1063 in
1148 1042 1185 1063 eo
1207 1034 1284 1062 libro
1306 1033 1552 1071 perscripsisset,
1575 1036 1657 1062 certe
1677 1033 1783 1069 Nepos

203 1089 394 1125 scripsisset,
418 1098 477 1118 non
500 1090 593 1119 modo
615 1091 729 1120 bellum
744 1091 891 1120 Punicum
906 1092 1087 1125 secundum,
1110 1091 1167 1119 sed
1183 1090 1273 1118 etiam
1286 1090 1369 1118 bella
1383 1090 1584 1118 Macedonica
1603 1090 1633 1117 in
1656 1097 1693 1118 eo
1707 1089 1785 1129 libro

203 1135 401 1182 persecutum
431 1153 504 1175 esse
533 1146 687 1176 Catonem.
737 1147 900 1176 Praeterea
933 1147 1030 1184 major
1054 1149 1119 1176 crat
1143 1136 1241 1175 rerum
1275 1145 1514 1175 memorabilium
1547 1145 1576 1173 in
1604 1144 1786 1174 Macedonia

204 1190 388 1236 multitudo,
414 1197 504 1237 quam
524 1196 745 1238 'quae'paucis
773 1204 876 1232 verbis
906 1203 1061 1239 profligari
1096 1204 1206 1238 posset
1231 1203 1323 1237 atque
1351 1201 1480 1230 absolvi.
1522 1200 1587 1229 Jam
1615 1199 1783 1237 apparebit,

183 1257 278 1292 &quid
301 1258 445 1293 sentiam3
468 1258 584 1293 primus
606 1259 761 1294 Originum
783 1260 859 1287 liber
881 1260 1028 1287 continuit
1048 1259 1188 1294 Origines
1209 1259 1424 1292 Romanorum,
1446 1257 1603 1286 secundus
1626 1259 1657 1284 et
1677 1255 1784 1284 tertius

182 1307 295 1347 jurbes
318 1314 450 1348 Italicas,
474 1317 600 1350 quartus
621 1315 765 1350 Siciliam,
788 1315 921 1344 sortasse
944 1316 1033 1343 etiam
1053 1314 1223 1343 Sardiniam
1246 1317 1277 1342 et
1291 1314 1457 1347 Corsicam,
1481 1313 1604 1349 quintus
1627 1314 1657 1340 et
1677 1314 1785 1339 sextus

184 1394 186 1397 ,
203 1369 335 1405 illyriam
358 1372 388 1397 et
408 1370 630 1405 Macedoniam,
653 1371 803 1406 septimus
816 1372 1005 1408 Hispaniam.
1047 1371 1189 1399 Proxime
1207 1370 1297 1407 igitur
1311 1370 1428 1398 accedo
1451 1369 1490 1397 ad
1513 1376 1580 1396 eam
1595 1366 1785 1401 sententiam,

204 1434 295 1462 quam
316 1427 442 1463 protulit
462 1417 613 1462 Niebuhr,
642 1436 734 1463 quum
758 1428 831 1457 dicit
858 1429 892 1457 H.
916 1429 949 1457 R.
972 1429 993 1463 Ι,
1016 1436 1045 1463 p.
1068 1427 1096 1456 9.
1137 1424 1182 1456 So
1210 1434 1292 1455 muss
1321 1434 1393 1455 man
1418 1423 1486 1454 sich
1511 1423 1608 1454 Catos
1635 1421 1786 1461 Oriyines

204 1489 266 1510 nur
286 1479 421 1521 :ustilliq
442 1481 525 1511 nach
545 1481 604 1511 der
624 1480 843 1523 Zeitordnuny
862 1485 1075 1522 voryetrayen
1096 1480 1224 1511 denhem.
1268 1482 1398 1517 Scripsit
1425 1481 1498 1509 Cato
1522 1481 1560 1508 de
1583 1479 1674 1513 situ,
1701 1486 1778 1507 mo-

204 1539 330 1573 ribus,
354 1539 512 1574 populis
535 1546 638 1566 earum
658 1543 815 1573 terrarum,
837 1548 916 1575 quae
936 1543 1000 1567 tum
1021 1540 1051 1566 in
1073 1539 1188 1567 ditione
1202 1539 1406 1566 Romanorum
1428 1538 1522 1568 erant,
1543 1535 1668 1570 scripsit
1688 1541 1779 1569 quam

206 1602 286 1623 nunc
311 1593 565 1629 ethnographiam
587 1598 701 1623 vocant
722 1595 838 1630 imperii
859 1595 995 1623 Romani.
1039 1595 1204 1628 Comparat
1223 1592 1359 1621 Niebuhr
1380 1600 1448 1620 cum
1465 1591 1638 1626 Originibus
1653 1589 1786 1624 Appiani

204 1649 365 1679 historiam
392 1649 575 1684 Romanam,
604 1650 661 1679 sed
691 1659 833 1686 magnum
863 1654 911 1679 est
939 1651 1016 1678 inter
1041 1650 1118 1678 hacc
1142 1657 1235 1684 opera
1257 1648 1430 1676 discrimen.
1473 1647 1634 1682 Appianus
1656 1646 1695 1673 ad
1716 1645 1785 1672 illu-

206 1706 348 1734 strandas
371 1712 422 1734 res
446 1706 649 1735 Romanorum
676 1702 706 1740 ἐς
731 1704 857 1743 βίβλους
883 1702 995 1735 ἕκαστα
1015 1704 1077 1733 τῶν
1108 1701 1210 1733 ἐθνῶν
1231 1703 1398 1740 distribuit3
1427 1703 1511 1741 quod
1540 1710 1633 1739 quum
1659 1709 1720 1730 non
1746 1700 1787 1729 sit

206 1766 457 1795 consentancum,
479 1758 516 1790 τὰ
537 1758 567 1795 ἐς
586 1759 772 1800 στρατηγοὺς
792 1759 958 1801 διῃρημένα
979 1763 1094 1791 addere
1116 1764 1243 1790 coaetus
1260 1763 1316 1789 est.
1359 1760 1437 1801 Cato
1454 1755 1491 1788 τὰ
1511 1754 1697 1796 τῶνῂέθνῶτζ
1715 1756 1785 1799 illu-

207 1821 312 1848 stravit
332 1821 425 1848 rebus
448 1828 466 1846 a
480 1820 624 1859 Romanis
647 1820 755 1858 gest-is,
776 1820 879 1853 itaque
902 1822 933 1846 et
953 1819 1075 1845 nomina
1090 1819 1202 1845 ducum
1216 1820 1336 1852 poterat
1351 1817 1490 1844 omittere
1507 1818 1537 1842 et
1551 1816 1644 1842 multa
1659 1814 1784 1845 addere,

208 1883 285 1911 quae
313 1858 515 1911 di;..qll.i.-res
538 1882 574 1903 se
601 1875 705 1912 populi
726 1874 853 1904 Romani
875 1874 1116 1910 perscripturum
1138 1882 1211 1903 esse
1232 1873 1404 1909 profitetur,
1432 1872 1547 1900 addere
1576 1879 1636 1899 non
1663 1870 1784 1898 licebat.

209 1932 348 1959 Neutrum
369 1931 441 1959 fecit
461 1932 513 1959 aut
534 1929 633 1959 facere
656 1933 775 1968 poterat
795 1929 966 1968 Appianus.

250 1988 294 2013 11.
329 1989 365 2014 ln
394 1988 535 2014 iisdem
558 1987 754 2022 exposuit,
785 1994 880 2023 quae
909 1987 944 2014 in
965 1986 1080 2014 Italia
1099 1985 1375 2022 Hispaniisque
1397 1985 1460 2013 aut
1480 1982 1623 2011 fierent
1642 1981 1705 2010 aut
1726 1978 1783 2007 vi-

213 2043 390 2070 derentur
421 2044 651 2070 admiranda.
700 2044 775 2078 Quid
812 2043 985 2079 expositum
1012 2043 1052 2070 sit
1082 2042 1157 2070 satis
1186 2041 1381 2077 perspicuum
1404 2042 1466 2076 est;
1499 2045 1577 2076 quae
1601 2036 1724 2074 quidem
1745 2042 1784 2063 ex

212 2098 344 2127 moribus
368 2100 498 2135 gentium
527 2103 557 2128 et
579 2109 616 2128 ex
639 2103 745 2127 natura
766 2101 902 2128 locorum
925 2102 1093 2127 memoratu
1116 2099 1207 2133 digna
1228 2099 1363 2133 putabat.
1404 2099 1546 2125 Attamen
1567 2094 1639 2122 mihi
1661 2093 1784 2128 quidem

213 2153 301 2182 iocus
323 2154 438 2184 videtur
460 2155 600 2185 difficilis.
643 2153 681 2185 In
702 2153 810 2184 iisdem
831 2153 924 2185 libris
949 2154 1021 2183 nihil
1052 2154 1135 2183 aliud
1162 2154 1335 2190 significare
1362 2156 1480 2189 potest,
1508 2151 1566 2180 nisi
1595 2158 1649 2178 eos
1667 2150 1783 2182 -libros,

213 2210 324 2246 quibus
348 2212 466 2241 nomina
487 2213 598 2242 ducum
622 2200 808 2246 deffakerat,
830 2198 905 2241 i.e
919 2200 1028 2240 librum
1051 2213 1189 2247 quartum
1211 2213 1240 2239 et
1261 2210 1312 2246 qui
1334 2211 1504 2245 sequuntur
1525 2206 1566 2241 (in
1588 2206 1684 2242 primo
1706 2205 1783 2234 libro

212 2266 324 2294 ducum
347 2267 465 2296 nomina
478 2269 587 2297 insunt.
612 2269 648 2297 cs.
665 2269 719 2304 srg.
736 2267 798 2302 32).
839 2269 872 2296 In
887 2266 936 2296 his
958 2270 1058 2295 autem
1081 2276 1126 2302 ea,
1150 2275 1229 2303 quae
1250 2267 1279 2294 in
1295 2266 1379 2294 Italia
1393 2265 1501 2293 fierent
1521 2267 1572 2291 aut
1585 2263 1655 2291 visu
1677 2263 1785 2290 essent

213 2323 314 2359 digna,
338 2325 456 2351 narrata
476 2332 536 2353 non
558 2328 650 2361 erant,
672 2328 705 2354 ut
719 2325 929 2354 demonstrant
943 2324 1030 2360 ipsae
1045 2324 1201 2361 reliquiae,
1218 2329 1274 2351 nec
1290 2321 1483 2358 perspicitur,
1506 2318 1660 2357 quomodo
1674 2318 1781 2347 iterum
