1980 2649
966 141 1004 172 37

206 237 321 272 possit,
343 235 576 271 imperatoribus
606 235 693 263 etiam
719 236 841 264 aliarum
869 238 999 273 gentium
1020 239 1155 266 Romana
1182 239 1304 267 uomina
1330 244 1403 267 esse
1430 237 1509 265 data.
1552 234 1640 271 Quod
1671 240 1765 270 quum

204 299 261 328 per
281 299 317 321 se
337 291 503 321 verisimile
524 289 577 324 sit,
604 293 665 319 tum
686 291 724 320 de
748 291 1045 328 Carthaginiensibus
1067 294 1157 322 certis
1177 294 1256 322 locis
1279 294 1510 329 comprobatur;
1536 293 1569 320 ut
1588 290 1765 320 omittamus

204 348 307 377 locum
327 347 460 377 fortasse
480 348 652 383 corruptum
670 346 733 376 Liv.
753 347 853 383 XXIII,
868 346 914 384 13,
929 347 957 383 8,
980 348 1017 377 cf.
1038 348 1145 378 sustin.
1166 349 1241 385 XIX,
1263 349 1289 385 1,
1304 349 1332 384 6,
1353 348 1486 379 Frontin.
1508 350 1632 384 strateg.
1644 346 1720 382 11,1,
1734 346 1763 381 4,

206 410 268 440 quo
287 403 357 433 loco
378 403 482 440 plures
502 401 589 431 simul
609 402 690 433 bello
700 401 815 432 Punico
839 402 935 439 primo
958 407 1229 434 commemorantur
1249 405 1423 435 dictatores.
1464 403 1511 438 Hi,
1533 403 1560 432 si
1581 402 1654 439 quid
1675 401 1763 439 equi·

205 459 286 489 tibus
309 461 374 489 erat
395 458 571 495 gerendum,
599 465 694 496 opera
713 459 873 488 utebantur
892 459 1101 497 magistrorum
1123 460 1273 499 equitum,
1295 461 1346 498 qui
1366 461 1504 499 ipsorum
1525 458 1651 495 imperio
1677 459 1763 487 erant

205 515 348 553 subjecti,
368 517 402 543 ut
420 515 546 544 Mutines
568 515 680 551 aliique
700 515 872 543 ostendunt.
915 516 992 551 Quid
1005 516 1095 552 igitur
1108 519 1165 552 est,
1188 517 1271 553 quod
1285 518 1384 546 solum
1397 515 1597 545 Hannibalem
1617 522 1636 542 a
1648 514 1761 543 Catone

207 571 384 600 dictatorem
404 571 587 607 appellatum
608 577 681 599 esse
701 571 863 606 putemus?
902 571 973 600 Mihi
994 572 1116 609 quidem
1136 573 1178 601 ita
1191 580 1242 601 res
1263 573 1382 602 videtur
1396 573 1583 608 comparata,
1602 572 1637 598 ut
1656 569 1761 597 mirum

207 629 302 662 esset,
323 627 350 656 si
370 626 547 655 necessario
567 625 628 655 hoe
648 626 843 662 fragmentum
864 627 903 655 ad
924 634 976 662 ea,
998 635 1077 663 quae
1102 631 1175 664 post
1193 636 1326 664 pugnam
1347 629 1537 658 Cannensem
1565 626 1643 654 inter
1662 625 1760 653 duces

204 683 336 713 Punicos
358 682 514 719 disputata
534 684 612 716 sunt,
635 684 721 711 esset
740 681 938 712 referendum.
980 682 1052 719 Quis
1075 683 1147 719 quid
1167 684 1353 713 resciverat?
1392 683 1519 714 Romani
1548 682 1640 711 credo
1671 688 1761 710 exer-

206 740 282 769 citus
303 738 458 775 reliquiae,
480 745 557 774 quae
579 736 676 767 effusa
696 738 767 775 fuga
781 737 941 767 Canusium
963 741 995 767 et
1008 738 1169 768 Venusiam
1190 741 1342 776 petebant,
1364 740 1542 769 audiverant
1554 736 1759 767 Maharbalem

204 796 271 826 sive
291 795 382 824 alium
402 794 589 830 suadentem,
618 797 652 823 ut
676 794 840 831 equitatum
862 795 987 824 Romam
1010 794 1146 824 mitteret.
1187 796 1243 832 Qui
1269 795 1328 825 hoc
1356 795 1558 829 resciverant,
1587 796 1670 822 certe
1698 799 1759 820 nou

204 852 384 888 ignorath
395 841 577 887 responsum
591 851 784 886 HannIbalis;
808 851 896 887 cujus
917 851 1011 879 virtus
1032 845 1223 887 imperatoria
1242 853 1291 880 vel
1312 853 1440 880 maxime
1461 852 1491 880 in
1513 859 1550 879 ea
1570 857 1602 878 re
1622 850 1758 885 apparet,

206 907 289 944 quod
310 906 438 937 consilio
459 905 593 942 magistri
614 906 746 942 equitum
766 914 843 936 usus
864 913 925 935 non
946 908 1003 935 est.
1043 908 1143 944 Atque
1164 910 1293 943 quatuor
1313 908 1485 944 quinqueve
1505 906 1591 935 horis
1611 907 1685 942 post
1701 904 1758 933 bo-

205 971 275 992 num
296 962 456 992 consilium
477 965 568 999 atque
588 962 720 990 salutare
746 965 859 991 temere
880 962 1032 998 abjecisse
1054 970 1121 991 eum
1147 963 1337 999 putabimus?
1388 963 1475 999 Quod
1500 963 1527 990 si
1553 961 1692 994 fecisset,
1719 966 1758 987 ne

204 1021 266 1048 tum
288 1018 409 1055 quid-em
431 1026 501 1047 sero
522 1018 639 1047 fuisset.
680 1017 742 1047 Sed
759 1017 821 1055 J'am
847 1017 921 1047 satis
948 1018 1041 1047 multa
1067 1019 1105 1047 de
1135 1018 1193 1047 hac
1221 1027 1254 1048 re
1279 1019 1350 1047 mihi
1375 1019 1469 1048 verba
1495 1018 1609 1047 fecisse
1633 1016 1756 1050 videor3

204 1075 401 1111 fragmentum
420 1072 480 1102 hoc
502 1072 564 1109 (88)
586 1073 623 1102 ad
644 1073 772 1109 primum
787 1073 900 1103 bellum
911 1073 1056 1102 Punicum
1069 1076 1208 1110 spectare
1227 1074 1296 1110 ipse
1317 1081 1440 1110 quoque
1462 1072 1622 1107 contendo,
1644 1073 1758 1100 certam

205 1131 312 1159 sedem
333 1130 360 1157 ei
381 1130 530 1166 assignari
549 1136 647 1165 posse
667 1136 756 1165 nego.
777 1144 817 1148 —
836 1129 899 1158 Sed
918 1130 1086 1164 videamus,
1108 1130 1180 1166 quid
1201 1130 1240 1158 de
1262 1133 1363 1158 certae
1385 1130 1470 1159 sedis
1492 1127 1665 1165 fragmentis
1694 1128 1757 1154 sta-
1778 1166 1780 1168 Ι

204 1187 348 1214 tuendum
369 1186 417 1214 sit.
456 1186 558 1220 Atque
580 1191 658 1219 quae
678 1184 760 1212 initio
781 1185 940 1220 posuimus
962 1188 1105 1220 quatuor,
1128 1192 1164 1212 ea
1184 1186 1223 1213 ad
1244 1193 1345 1213 mores
1366 1192 1491 1221 remque
1511 1184 1664 1220 publicam
1686 1181 1757 1209 Car·
1775 1170 1780 1233 13
1799 1196 1846 1224 ᾧ

204 1241 437 1278 thaginiensium
458 1248 531 1269 esse
557 1240 714 1269 referenda
744 1244 963 1269 concesserunt
983 1249 1088 1270 omnes
1110 1249 1167 1270 nee
1189 1243 1313 1271 dubium
1334 1243 1473 1278 cuiquam
1494 1241 1592 1269 visum
1607 1241 1665 1272 est,
1687 1235 1777 1294 quin:

205 1306 242 1328 ea
260 1298 343 1327 initio
363 1297 430 1326 libri
447 1296 620 1333 explicasse
641 1296 785 1326 Catonem
801 1297 869 1334 Jure
889 1296 989 1333 possit
1009 1297 1155 1326 affirmari.
1197 1298 1256 1326 Fra
1237 1306 1285 1334 og·
1297 1297 1334 1327 83
1348 1300 1378 1326 et
1391 1297 1429 1327 84
1450 1294 1662 1333 conjungenda
1683 1300 1756 1321 esse
1773 1298 1776 1302 ·

205 1354 311 1384 censui
330 1355 494 1390 praeeunte
514 1351 633 1387 Rothio,
654 1352 808 1389 Wagener
827 1352 881 1389 srg.
896 1352 932 1382 83
954 1352 981 1382 in
1003 1361 1130 1389 prorsus
1146 1353 1266 1383 incertis
1281 1354 1392 1390 posuit.
1432 1354 1534 1397 Virtus
1555 1350 1674 1384 tribuni,
1696 1356 1757 1386 qua

205 1410 368 1438 exercitum
389 1408 532 1443 servavit,
554 1408 628 1437 satis
650 1410 721 1437 nota
742 1410 799 1436 est.
839 1406 922 1437 Idem
938 1405 1027 1446 fecit,
1048 1408 1143 1444 inquit
1161 1409 1291 1438 Frontin.
1308 1412 1390 1438 strat.
1411 1409 1461 1444 Ν,
1474 1409 1502 1443 5,
1495 1390 1756 1443 {sufflatae

205 1463 351 1495 calatino
372 1462 440 1493 Cos.
461 1462 500 1498 is,
520 1461 608 1502 cnjus
626 1462 717 1491 varie
735 1461 875 1491 traditur
892 1471 1009 1493 nomen.
1049 1463 1116 1493 Alii
1134 1462 1320 1500 Laberium,
1346 1463 1488 1493 nonnulli
1508 1462 1545 1500 Q.
1567 1459 1756 1495 Caedicium,

202 1518 334 1559 plurimi
353 1517 554 1557 Calpurnium
573 1517 739 1548 Flammam
757 1517 926 1548 vocitatum
944 1518 1146 1558 scripserunt.
1189 1521 1282 1548 Gesta
1309 1523 1358 1549 est
1377 1528 1427 1549 res
1454 1519 1543 1549 circa
1562 1516 1756 1548 cama-tuen-

204 1575 282 1604 sz'um
299 1575 421 1604 saltum.
441 1576 520 1603 Flor.
532 1576 566 1608 II,
577 1575 606 1608 2,
623 1574 667 1602 13.
682 1589 722 1593 -
741 1574 947 1609 Drepanorum
962 1583 1052 1610 porro
1067 1576 1249 1604 mentionem
1269 1574 1336 1611 (irg.
1350 1576 1410 1610 85.)
1431 1577 1539 1604 factam
1553 1582 1626 1603 esse
1645 1574 1675 1601 in
1695 1572 1755 1600 hoc

204 1631 281 1661 libro
295 1630 362 1667 quis
378 1629 518 1665 negabit?
537 1644 577 1648 —
596 1629 663 1665 Frg.
678 1628 715 1658 86
729 1628 884 1665 Wagener
903 1637 941 1658 ex
961 1630 1043 1660 initio
1064 1631 1136 1660 belli
1157 1632 1284 1660 secundi
1305 1632 1401 1660 fuisse
1423 1634 1538 1666 censet,
1560 1631 1617 1660 sed
1637 1630 1756 1665 poterat

206 1687 292 1717 etiam
314 1693 386 1716 esse
407 1691 445 1714 ex
464 1684 523 1714 sine
543 1684 614 1715 belli
631 1684 726 1722 primi.
767 1684 869 1714 Utrum
889 1685 1036 1721 malimus,
1056 1689 1147 1723 prout
1162 1686 1324 1723 Wageneri
1344 1690 1395 1717 aut
1408 1687 1535 1724 Nepotis
1550 1685 1757 1716 auctoritatem

206 1743 369 1780 sequimur,
385 1741 597 1778 Judicabimus.
639 1741 744 1769 Restat
762 1741 851 1778 igitur
870 1741 923 1777 srg.
945 1740 992 1775 82,
1013 1739 1089 1771 Non
1107 1739 1191 1771 lubet
1208 1741 1364 1779 scribere,
1385 1741 1471 1781 quod
1488 1742 1521 1772 in
1540 1740 1650 1772 tabula
1668 1737 1758 1779 apud

203 1797 378 1839 pontificem
400 1794 560 1826 maximum
586 1798 650 1832 est,
669 1796 768 1837 requ.
815 1796 848 1825 Id
875 1797 976 1826 multis
997 1800 1061 1826 erat
1080 1803 1264 1835 argumento,
1285 1807 1398 1829 novum
1419 1800 1457 1829 ab
1476 1799 1525 1828 his
1546 1798 1648 1827 verbis
1670 1797 1755 1825 ince-

205 1854 291 1890 pisse
312 1861 390 1889 opus
412 1861 479 1881 eum
499 1854 669 1889 Originibus
688 1853 765 1880 male
786 1853 1030 1887 conglutinatum.
1068 1855 1163 1882 Recte
1182 1854 1376 1890 reprehendit
1395 1855 1562 1891 Wagener3
1582 1861 1652 1882 nam
1666 1852 1757 1880 etiam

192 1898 239 1939 'in
253 1910 351 1948 parte
366 1916 478 1954 opens
497 1907 569 1948 licet
558 1904 762 1951 praefari,
787 1907 844 1935 sed
868 1907 935 1936 sine
957 1907 1042 1944 justa
1071 1916 1167 1938 eausa
1198 1911 1266 1947 quis
1292 1919 1426 1947 unquam
1452 1912 1512 1939 tale
1532 1910 1606 1948 quid
1626 1911 1756 1949 conatus

200 1955 273 1995 est?
311 1966 451 1994 Attamen
472 1972 577 1993 omnes
599 1966 719 2000 praeter
737 1962 955 1998 Riccobonum,
976 1955 1058 2000 apud
1080 1972 1170 2001 quem
1191 1967 1360 1995 seeundum
1380 1968 1480 1996 locum
1502 1966 1631 2000 obtinet,
1658 1963 1756 2001 primo

206 2022 276 2050 loco
298 2023 464 2058 posuerunt
489 2020 548 2049 hoc
569 2020 780 2056 fragmentum,
807 2018 895 2055 quasi
921 2026 1033 2048 novum
1059 2020 1132 2057 quid
1157 2021 1187 2050 in
1213 2021 1274 2051 hoc
1294 2022 1371 2052 libro
1392 2021 1570 2051 tractaverit.
1612 2021 1696 2058 Quae
1718 2019 1759 2049 sit

208 2084 302 2105 causa
330 2083 429 2113 neque
448 2076 601 2112 Wagener
619 2082 719 2111 neque
740 2074 847 2110 reliqui
868 2075 1026 2111 explorare
1047 2077 1234 2106 studuerunt.
1274 2078 1453 2107 Accuratius
1475 2078 1514 2106 de
1534 2085 1571 2106 ea
1584 2084 1617 2105 re
1632 2076 1759 2112 scripsit

205 2133 292 2163 Blum
311 2132 330 2160 1.
351 2132 370 2161 1.
390 2140 419 2168 p.
443 2130 496 2160 113
537 2129 663 2161 Gerade
682 2128 749 2160 dies
769 2129 860 2166 (quae
880 2134 951 2159 sunt
970 2131 1000 2159 in
1021 2132 1073 2168 srg.
1094 2130 1144 2167 82)
1166 2130 1250 2171 irifft
1269 2131 1506 2172 hauptsachlich
1524 2131 1580 2163 mit
1598 2130 1652 2162 die
1670 2129 1758 2161 Dar-

206 2186 339 2227 stelluny
359 2185 418 2217 der
435 2194 497 2217 von
515 2184 576 2216 ilzm
596 2183 715 2223 (Cato)
735 2183 972 2225 uboeyanqaemen
992 2184 1070 2216 Zeit.
1093 2186 1179 2223 (dicit
1198 2197 1294 2219 annos
1315 2197 1333 2218 a
1353 2190 1475 2227 regibus
1497 2189 1637 2226 expulsis
1657 2195 1758 2224 usque

208 2243 247 2271 ad
266 2244 378 2272 bellum
398 2243 543 2271 PunIcum
563 2241 710 2278 primum.)
745 2240 848 2271 Aber
867 2239 1006 2271 eben-30
1023 2245 1089 2282 yut
1106 2243 1183 2273 und
1201 2243 1296 2274 noch
1314 2245 1417 2275 mehr
1437 2244 1498 2275 die
1517 2242 1754 2284 Koniyszeit.

209 2296 400 2329 Gleicluvohl
417 2296 567 2338 riberyeht
586 2305 621 2328 er
641 2296 693 2328 die
712 2296 779 2328 eine
803 2297 868 2329 und
893 2296 1066 2329 beschreibt
1093 2297 1145 2330 die
1169 2299 1294 2331 andere.
1340 2302 1522 2333 Rectissime
1549 2303 1599 2333 ille
1626 2300 1756 2338 quidem,

1890 1901 1932 1941 ss,
1961 1928 1964 1932 .
