1980 2649
959 174 995 206 31

192 273 234 304 ed
252 280 323 303 eum
340 272 445 302 locum
463 271 592 301 relatum
612 277 696 307 esse,
717 277 780 309 quo
798 269 917 301 Latium
937 269 1128 301 describitur.
1168 268 1277 298 Restat
1294 265 1383 295 tertia
1403 270 1494 303 pm,
1522 269 1605 301 quae
1629 260 1768 292 continet

191 328 290 368 ipsius
311 327 398 358 urbis
416 326 564 365 ofiglnem
584 329 676 364 atque
695 334 747 357 res
767 334 875 364 regum
894 327 1108 357 Romanorum.
1129 323 1196 362 (τι-ς.
1218 321 1361 359 25-36.)
1401 322 1435 351 In
1454 320 1505 350 bis
1524 319 1620 350 rebus
1640 317 1766 348 minime

193 384 337 417 obscuris
356 390 459 422 pauca
477 385 565 418 sunt,
586 390 666 421 quae
687 383 787 413 minus
807 385 892 413 recte
916 382 991 412 mihi
1017 382 1169 412 collocata
1193 380 1361 410 videantur.
1407 379 1455 408 Ac
1483 376 1612 414 primum
1638 374 1765 413 quidem

192 442 366 473 Antemnae
387 438 455 477 (ug.
476 437 527 476 30)
546 438 626 470 Roth
647 440 687 470 ad
705 438 906 477 Aboriginum
924 446 977 469 res
997 438 1106 469 retulit.
1145 436 1329 473 Aborigines
1352 434 1477 472 quidem
1497 440 1537 463 eo
1562 431 1678 469 oppido
1703 438 1764 468 po·

193 497 245 539 titi·
264 504 340 528 esse
364 495 505 526 dicuntur
532 494 673 533 (Dionys.
692 495 729 531 Π,
749 503 781 532 p.
803 493 888 532 103),
915 495 974 525 sed
994 495 1094 532 ipsum
1114 494 1169 530 ῆς.
1192 493 1292 527 docet,
1311 500 1373 529 quo
1393 489 1587 521 referendum
1599 488 1665 525 rsit3
1691 495 1763 518 nam

194 560 289 591 quum
310 552 351 582 de
367 550 584 588 Aboriginibus
606 550 756 581 scriberet
775 550 860 587 cato,
881 558 1064 582 asseverare
1085 552 1168 580 certe
1187 556 1249 578 non
1269 549 1404 585 poterat,
1431 544 1586 583 antiquius
1607 550 1682 574 esse
1703 551 1761 581 op-

192 609 314 647 pidum,
339 615 430 645 quam
456 607 599 644 Romam3
632 610 717 637 recte
742 610 843 638 autem
857 606 1199 650 ‘exposuitmquidhde
1224 603 1387 646 Antemnis
1403 599 1782 644 ,eQPQQQ-hmss„

188 645 1591 726 QAEAEQQAEELM
1611 655 1706 685 modo
1721 654 1763 684 <¹⁶

192 719 336 749 Politono
357 718 414 747 erit
427 717 635 755 judicandum.
657 717 708 754 (cr.
722 718 787 749 Liv.
799 719 822 754 1,
838 718 886 754 33,
901 718 943 755 3).
973 719 1103 747 Videtur
1121 717 1211 754 igitur
1231 717 1305 746 cato
1327 722 1430 744 earum
1450 713 1605 761 ‘’MEQW
1620 711 1789 756 *⁰¹Fssfflffi.-

187 773 739 828 ¹>ig‘pstlssfims).„stripsisse:libro,⁴quae
753 775 915 818 avregjibus
933 775 964 804 in
977 766 1181 804 Romanorum
1202 763 1346 817 ditionem
1361 760 1512 801 *moabiae
1531 755 1611 798 sunt.
1630 782 1673 789 ·-
1691 767 1759 796 lam

193 831 234 860 <10
253 831 309 867 ng.
324 829 364 859 ae
377 829 594 866 disputandum
613 829 679 859 ent.
718 829 765 860 ne
785 830 868 860 omni
887 830 1063 861 Tusculana
1083 830 1203 860 civitate
1225 828 1322 859 solius
1336 818 1441 857 121}ss
1434 816 1566 855 ffiiiii
1568 816 1760 854 'beneficium

194 888 314 923 gramm
333 885 399 915 tuit.
438 884 524 915 Unus
545 888 799 916 commemoratur
816 886 956 917 Lucius
975 886 1134 921 Mamilius,
1156 886 1287 915 dictator
1306 883 1510 917 Tusculanus,
1532 881 1584 919 qui
1605 881 1759 916 occupato

193 941 232 971 ab
261 940 416 971 Herdonio
439 940 587 979 Capitolio
607 941 752 973 Romanis
778 942 858 973 ultro
885 943 1029 973 auxilium
1054 942 1128 973 tulit.
1155 941 1231 979 (Liv.
1257 941 1305 977 111,
1333 939 1380 975 18,
1404 938 1533 976 Dionys.
1560 936 1598 972 X,
1623 943 1655 974 p.
1675 933 1759 970 642.)

190 996 289 1034 Hujus
308 996 342 1025 1..
355 996 477 1025 Mamilii
495 997 678 1026 beneficium
699 997 845 1028 catonem
865 998 1059 1035 significasse
1078 1000 1164 1035 putat
1182 997 1307 1034 Popma.
1348 996 1490 1025 Attamen
1511 992 1596 1032 quod
1616 991 1649 1020 id
1661 991 1759 1020 bene—

191 1052 295 1081 ficium
315 1052 346 1080 in
366 1053 464 1088 primo
484 1053 562 1082 libro
584 1054 814 1083 commemorari
840 1051 961 1084 omnino
983 1062 1044 1084 non
1068 1054 1181 1090 potuit,
1206 1052 1354 1086 Bolhuis,
1377 1057 1559 1087 quamquam
1581 1048 1611 1077 in
1631 1053 1758 1076 numero

191 1107 275 1142 apud
294 1106 483 1136 Priscianum
504 1108 587 1137 nulla
607 1111 656 1137 est
676 1108 817 1138 codicum
838 1110 1052 1145 discrepantia,
1073 1113 1188 1138 temere
1208 1115 1367 1137 numerum
1388 1095 1565 1134 mutandum
1586 1110 1659 1132 esse
1684 1109 1757 1130 cen-

191 1161 261 1191 suit.
301 1161 415 1192 Verum
434 1162 585 1193 Mamilius
605 1163 684 1193 alius
705 1171 779 1194 esse
798 1171 860 1194 non
880 1167 994 1202 potest,
1015 1165 1074 1195 nisi
1096 1171 1190 1202 gener
1202 1162 1357 1200 Tarquinii
1371 1160 1511 1199 Superbi,
1532 1158 1679 1190 Octavius
1693 1156 1759 1187 Ma·

191 1217 301 1253 miliae,
323 1218 411 1254 quus
431 1225 618 1254 praenomen
638 1221 758 1249 veteres
780 1219 920 1258 (Dionys.
934 1222 971 1256 V,
986 1229 1016 1258 p.
1029 1220 1097 1256 293,
1118 1220 1183 1250 Liv.
1199 1220 1222 1255 1,
1236 1219 1285 1254 49,
1306 1220 1341 1254 11,
1358 1218 1404 1253 15,
1420 1216 1582 1252 (Mamilius
1598 1211 1758 1247 Octavius)

193 1272 240 1308 18,
262 1272 309 1308 19,
330 1274 392 1302 Cic.
412 1273 447 1303 N.
467 1274 503 1303 D.
523 1275 558 1308 H,
577 1274 607 1309 6,
628 1275 668 1303 ad
687 1276 779 1304 Attic-
799 1276 837 1311 X,
865 1276 912 1311 10,
936 1277 967 1312 3)
995 1285 1056 1306 non
1083 1276 1322 1312 adscripserunt.
1364 1273 1453 1310 Quod
1471 1272 1564 1309 hujus
1585 1270 1641 1299 viri
1660 1270 1757 1298 bene·

190 1327 292 1358 ficium
317 1328 367 1358 cui
392 1331 508 1367 gratum
534 1329 636 1367 suerit,
663 1339 702 1361 ex
728 1331 798 1368 ipso
826 1332 993 1370 fragmento
1021 1341 1081 1362 non
1109 1335 1249 1369 apparet,
1277 1332 1334 1361 sed
1362 1338 1454 1367 quum
1483 1328 1585 1358 multis
1615 1327 1694 1356 inter
1720 1332 1757 1354 se
1778 1362 1781 1375 Ι

191 1384 366 1421 mutuisque
385 1384 543 1415 beneficiis
564 1393 707 1416 socerum
734 1394 938 1424 generumque
960 1388 1140 1425 conjunctos
1168 1388 1266 1417 fuisse
1289 1386 1453 1416 verisimile
1479 1387 1542 1420 est,
1565 1387 1629 1413 tum
1652 1383 1757 1411 notum

192 1442 241 1468 est
260 1440 335 1468 illud
354 1440 552 1475 beneficium,
578 1450 639 1477 quo
666 1443 785 1471 absenti
812 1444 975 1480 Tarquinio
996 1444 1061 1480 regi
1081 1444 1219 1472 infensos
1241 1443 1411 1479 principum
1441 1441 1615 1470 Latinorum
1636 1438 1755 1466 animos

190 1495 449 1524 reconciliaverat.
478 1496 617 1532 (Dionys.
637 1498 688 1532 lv,
708 1506 739 1533 p.
760 1498 846 1534 247.)
887 1501 971 1535 Quae
992 1508 1085 1536 quum
1104 1500 1146 1528 ita
1170 1500 1245 1533 sint,
1271 1498 1379 1526 mirum
1400 1500 1462 1532 est,
1492 1497 1577 1533 quod
1600 1496 1757 1530 Wagener
1774 1473 1778 1535 ἱ
1799 1472 1868 1527 slsis}
1885 1509 1889 1515 -

192 1549 234 1586 (p.
256 1549 288 1586 8)
308 1550 340 1580 id
360 1551 542 1581 beneficium
561 1552 763 1590 significatum
784 1561 857 1584 esse
879 1555 1008 1591 censuit,
1030 1562 1091 1592 quo
1113 1555 1263 1592 expulsos
1278 1552 1461 1590 Tarquinios
1482 1551 1586 1581 affecit
1597 1549 1757 1580 Mamilius.
1777 1542 1781 1564 ¹

189 1605 279 1633 Nulla
298 1613 332 1633 re
353 1610 479 1636 coactus
500 1608 561 1635 vim
581 1608 670 1636 insert
690 1608 830 1638 Cornelio
845 1609 955 1646 Nepoti
976 1612 1067 1648 atque
1087 1611 1169 1640 bella
1189 1610 1228 1639 ad
1242 1608 1449 1638 restituendos
1471 1606 1653 1644 Tarquinios
1669 1606 1758 1642 gesta

191 1661 283 1688 rebus
297 1668 402 1696 regum
414 1662 618 1690 Romanorum
631 1664 810 1699 adjunxisse
831 1668 918 1701 putat
932 1666 1085 1701 Catonem,
1108 1667 1192 1702 quod
1205 1673 1293 1693 nemo
1309 1671 1443 1700 unquam
1456 1664 1591 1700 scriptor
1600 1663 1756 1691 Romanus

1848 642 1869 656 l

192 1716 270 1745 fecit.
311 1717 441 1746 Accedit
466 1719 549 1753 quod
569 1719 670 1754 ipsum
692 1720 888 1755 fragmentum
914 1729 1085 1757 repugnare
1105 1722 1241 1756 videtur,
1276 1720 1389 1756 quippe
1418 1728 1458 1748 ex
1486 1728 1546 1756 quo
1572 1719 1756 1753 reliquorum

191 1772 433 1802 Tusculanorum
453 1773 567 1801 nullum
587 1774 684 1803 fuisse
704 1775 844 1803 videatur
862 1776 892 1804 in
914 1783 951 1804 ea
970 1784 1003 1804 re
1023 1776 1214 1805 beneficium.
1256 1778 1399 1805 Attamen
1426 1775 1499 1803 nihil
1525 1773 1673 1803 Mamilius
1702 1779 1756 1800 co-

191 1826 256 1855 nari
269 1830 398 1863 poterat,
419 1828 477 1857 nisi
492 1828 612 1865 adjutus
628 1833 658 1859 et
672 1830 797 1859 aliorum
810 1833 840 1859 et
854 1831 1095 1861 Tusculanorum
1117 1832 1215 1868 copiis
1230 1834 1321 1868 atque
1338 1830 1555 1860 voluntatibus.
1596 1828 1758 1864 Reliquum

192 1885 249 1917 est,
269 1886 303 1911 ut
322 1891 423 1919 pauca
434 1885 577 1913 addenda
598 1886 754 1915 videantur
771 1886 810 1914 de
830 1886 963 1915 incertae
984 1887 1070 1916 sedis
1084 1887 1230 1924 reliquiis.
1272 1887 1432 1917 consentit
1451 1893 1569 1915 mecum
1589 1884 1754 1921 Wagener‚

192 1938 251 1966 nisi
277 1939 360 1975 quod
387 1941 462 1977 srgg.
491 1941 529 1971 38
553 1945 584 1970 et
613 1942 651 1971 39
678 1942 859 1971 deteriorum
886 1943 1028 1972 codIcum
1059 1944 1269 1972 auctoritatem
1302 1947 1429 1973 secutus
1458 1941 1624 1978 adscripsit
1650 1940 1757 1976 quinto

192 1994 285 2032 libro;
306 1994 385 2024 Roth
404 1996 458 2033 frg.
480 1997 516 2026 41
540 1997 579 2026 ad
600 1998 817 2035 praelationem
837 1999 946 2034 retulit,
974 1998 1029 2036 frg.
1051 1998 1090 2028 37
1110 1999 1149 2029 ad
1176 2008 1227 2030 res
1250 2000 1329 2029 Tulli
1350 2000 1447 2037 regis,
1477 1999 1564 2036 cujus
1591 1996 1635 2026 rei
1663 2003 1761 2025 causa

193 2051 314 2081 omnino
336 2055 384 2082 est
403 2054 492 2083 nulla.
532 2055 664 2085 Facilius
687 2056 889 2085 concederem
914 2055 968 2092 srg.
989 2055 1028 2085 40
1050 2059 1081 2085 et
1099 2055 1138 2085 42
1160 2064 1233 2086 esse
1253 2064 1293 2085 ex
1311 2058 1404 2086 rebus
1426 2064 1444 2085 a
1464 2054 1628 2092 Tarquinio
1650 2052 1759 2082 Prisco

194 2107 299 2144 gestis,
327 2107 378 2144 (ci.
399 2109 525 2148 Dionys.
546 2111 593 2146 HI,
615 2118 644 2148 p.
668 2110 724 2141 192
746 2113 776 2140 et
794 2111 857 2140 Liv.
878 2112 900 2148 Ι,
921 2110 988 2149 37);
1018 2112 1075 2142 sed
1102 2112 1132 2141 in
1152 2112 1246 2143 rebus
1268 2116 1329 2142 tam
1351 2111 1474 2141 incertis
1495 2119 1552 2147 pro
1574 2113 1660 2139 certo
1682 2108 1762 2138 affir·
1786 2142 1792 2160 ι

192 2170 275 2192 mare
295 2171 357 2208 non
378 2167 487 2197 audeo.
505 2180 547 2186 —
566 2166 642 2202 Jam,
665 2167 783 2204 opinor,
804 2166 1010 2205 intelligimus,
1032 2168 1105 2205 quid
1125 2168 1223 2205 primo
1245 2169 1320 2199 libro
1342 2167 1509 2197 narraverit
1527 2166 1614 2197 cato.
1655 2166 1763 2195 Insunt
1785 2163 1789 2190 ῑῖ

193 2225 244 2252 ea,
265 2228 351 2257 vquae
373 2223 463 2251 etiam
484 2230 562 2251 nunc
585 2230 653 2251 cum
674 2224 766 2252 rebus
798 2232 903 2260 regum
928 2224 1131 2254 Romanorum
1160 2226 1345 2262 conjungere
1372 2225 1474 2253 solent
1506 2223 1650 2253 homines
1678 2221 1762 2250 docti
1785 2232 1789 2261 '.
1832 2227 1878 2247 s*

193 2276 284 2310 atque
308 2277 450 2307 videntur
479 2282 613 2315 narrata,
645 2282 678 2308 ut
709 2280 802 2317 vulgo
834 2280 1024 2310 tradiderunt
1049 2280 1217 2317 scriptores
1243 2280 1379 2310 Romani.
1428 2280 1519 2317 Quod
1544 2282 1646 2309 autem
1671 2284 1760 2313 reges
1790 2285 1794 2314 f

192 2327 278 2361 haud
303 2329 455 2367 immerito
481 2334 662 2367 conditores
681 2334 822 2375 partium
848 2339 933 2369 certe
951 2334 1056 2374 urbis,
1084 2345 1164 2377 quas
1188 2345 1287 2369 novas
1312 2335 1379 2377 ipsi
1402 2335 1493 2368 sedes
1524 2334 1566 2368 ab
1585 2344 1620 2366 se
1646 2334 1759 2365 auctae
1788 2340 1795 2372 ξ

1870 602 1980 654 sss-2.
