1980 2649
956 160 995 207 ἡ

191 277 237 306 de*
255 274 434 306 auctoritate
458 271 603 304 Auctoris
630 270 761 310 Originis
782 271 817 302 G.
836 271 872 302 R.
912 272 1089 303 Admodum
1113 271 1204 310 pauci
1231 265 1303 301 sunt
1321 271 1352 301 in
1373 278 1476 309 eoque
1495 277 1624 301 numero
1643 270 1765 301 xmae

190 334 223 362 ot
240 330 337 366 Roth,
365 329 415 368 qui
442 329 577 358 veterem
601 334 671 358 eum
697 322 782 366 essev
798 327 982 365 scriptorem
1002 330 1192 358 asseverent.
1212 328 1251 357 cf.
1273 336 1353 364 eum,
1375 328 1427 365 qui
1446 328 1621 366 nuperrime
1641 327 1682 358 de
1701 326 1764 358 luc

189 395 225 418 re
250 386 377 424 scripsit
400 385 437 415 Η.
464 385 570 415 Rotter
600 384 640 415 de
670 387 796 414 auctore
824 383 920 414 libelli
945 383 985 413 de
1005 383 1086 421 Orig.
1114 377 1149 412 G.
1169 379 1215 414 R.
1233 385 1362 415 cotibus
1392 383 1480 420 1858,
1509 377 1588 414 alios
1613 384 1688 414 vide
1711 390 1762 421 ap.

189 438 370 479 semegier
387 440 424 472 Η.
444 441 479 471 R.
500 442 522 477 1,
542 449 573 479 p.
596 441 663 476 11⁷,
684 447 754 470 ann.
773 440 821 470 11.
867 440 1009 470 ceterum
1029 447 1109 477 quae
1127 439 1159 469 h.
1179 440 1201 469 l.
1222 440 1386 476 narrantur,
1407 440 1500 469 etiam
1514 448 1535 469 a
1553 441 1669 470 Catone
1690 447 1762 470 nar-

188 500 255 529 rata
274 505 350 528 esse
368 500 523 534 poterant,
555 496 671 535 quippe
699 503 780 534 quae
805 496 931 534 vulgata
955 498 1063 527 essent
1081 496 1165 532 apud
1183 496 1355 532 Romanos,
1387 503 1574 534 quamquam
1593 496 1760 525 verisimile

190 560 252 584 non
277 555 329 583 est
356 552 501 583 omisisse
522 552 646 583 catonis
668 539 898 589 epitomatorem
924 551 980 589 trg.
1002 550 1049 581 18.
1088 551 1251 581 Praeterea
1271 559 1359 581 nemo
1380 559 1516 589 unquam
1536 551 1684 588 originem
1706 559 1760 588 ge·

189 609 272 639 neris
292 608 418 639 Romani
437 608 606 646 appellavit
625 606 775 645 Origines.
1105 631 1109 635 .

227 672 258 703 y.
288 664 380 701 Igitur
398 663 495 694 Latini
513 662 681 692 Ascanium
702 663 743 693 ob
763 662 914 700 insignem
941 662 1083 692 virtutem
1107 670 1169 692 non
1196 662 1297 692 solum
1324 663 1401 693 Jove
1429 665 1527 693 ortum
1554 661 1758 696 crediderunt,

189 719 248 750 sed
268 719 358 749 etiam
378 726 435 756 per
455 718 691 753 diminutionem,
712 717 866 748 declinato
887 717 1045 755 paululum
1065 718 1195 753 nomine,
1216 718 1314 754 primo
1334 719 1460 753 Jobam,
1481 718 1552 747 dein
1572 720 1685 754 postea
1703 717 1759 747 Ju-

189 776 252 806 lum
272 775 472 813 appellarunt,
493 781 513 803 a
533 781 594 812 quo
615 773 696 804 Julia
715 773 827 804 familia
847 773 989 804 manavit.
1039 772 1113 804 Cato
1133 773 1164 803 in
1186 773 1359 811 Originibus
1381 774 1421 804 ib.
1445 773 1492 809 15,
1513 772 1542 803 5.
1583 772 1630 809 (R.
1650 774 1673 809 Ι,
1696 772 1757 809 18.)

187 832 272 860 Haec
294 833 377 859 certe
396 837 454 859 nec
474 829 548 859 Cato
568 837 626 859 nec
646 830 726 858 ullus
747 830 903 859 Romanus
923 829 1031 859 aetatis
1077 829 1236 859 atonianae
1256 828 1392 859 scribere
1412 831 1542 867 poterat.

225 886 274 916 Ex
298 886 375 917 libro
402 887 448 916 111.
489 883 517 915 δ.
548 882 633 924 Πρὶν
656 881 690 915 δὲ
715 880 776 915 ὑπὸ
801 884 933 924 Περσῶν
956 881 1169 924 ἀφανισθῆναι
1192 882 1283 921 (Διὸς
1307 882 1406 921 πόλιν,
1431 880 1488 924 τὴν
1509 883 1564 923 τῆς
1589 882 1758 923 Alymloes

190 938 366 981 Θηβαωος),
387 938 462 981 φησὶ
479 937 654 978 Μανέθων,
679 937 726 972 ὅτι
744 939 857 982 μυρίας
875 939 1039 981 τρισχιλίας
1057 938 1161 981 κώμας
1184 936 1243 980 εἶχε
1267 938 1318 971 καὶ
1337 938 1508 986 τριᾷιιοντα,
1527 936 1705 980 ἀνθρώπων
1724 937 1758 970 δὲ

186 995 340 1035 μυριάδας
358 994 547 1033 ἑπτακοσίας,
567 993 712 1035 ἀρουρῶν
735 993 770 1026 δὲ
788 994 883 1027 τόπον
907 993 1128 1038 μεμετρημένον
1150 994 1322 1037 τρισχιλίων
1345 993 1397 1026 καὶ
1422 992 1622 1033 turmam,
1647 991 1758 1027 ἑκατὸν

187 1049 222 1082 δὲ
245 1049 345 1087 πύλας
374 1049 663 1090 διακεκοσμημέναις,
691 1049 868 1091 respuentium
892 1050 1002 1083 στάδια
1029 1052 1064 1082 τὸ
1088 1052 1194 1091 μῆκος.
1235 1052 1381 1089 Stephau.
1401 1053 1475 1090 Byz.
1495 1061 1525 1081 v.
1554 1049 1633 1086 Διὸς
1658 1049 1755 1087 πόλις,

188 1108 353 1138 Sciendum
379 1108 459 1137 enim
483 1108 514 1137 in
540 1108 636 1138 Codd.
663 1116 724 1138 non
745 1109 850 1138 inesse
870 1109 1061 1138 Manethonis
1082 1117 1207 1143 nomen,
1236 1109 1321 1145 quod
1350 1108 1483 1145 conjecit
1500 1108 1687 1144 s.13ernays
1707 1109 1757 1154 ad

188 1162 293 1193 Schol.
313 1163 563 1207 Venet-hIl.--I}{,
555 1163 625 1205 383,
644 1164 697 1193 ubi
716 1164 798 1193 idem
818 1167 868 1194 est
886 1163 987 1200 locus,
1008 1165 1067 1194 sed
1088 1164 1226 1201 catonis3
1248 1164 1463 1193 Westermann
1483 1151 1662 1192 mutandum
1683 1171 1756 1193 cen-

159 1202 417 1248 εἶτ’ῖιῖιῇεἷιᾞ
437 1219 523 1254 Bato,
544 1218 625 1247 Roth
646 1218 782 1255 (frg.111,
804 1219 855 1255 72)
877 1220 965 1249 uncis
983 1220 1135 1249 inclusum
1155 1220 1302 1256 apposuit
1321 1227 1431 1248 nomen
1451 1220 1606 1248 Hecataei.

225 1273 272 1303 Ex
290 1274 366 1304 libro
388 1275 438 1304 IV.
478 1282 501 1303 ε.
534 1274 630 1304 Poeta
654 1275 777 1304 nomina
801 1277 904 1304 mutat.
945 1275 1022 1305 Nam
1049 1275 1212 1312 Sychaeus
1239 1275 1404 1305 Sicharbas
1435 1275 1534 1304 dictus
1563 1277 1628 1309 est,
1648 1274 1753 1309 Belus,

186 1329 314 1359 Didonis
339 1331 435 1366 pater,
455 1328 600 1365 Methres,
622 1329 771 1367 carthago
793 1329 955 1366 carthada,
975 1333 1010 1359 ut
1029 1331 1140 1360 lectum
1161 1333 1211 1361 est
1230 1333 1261 1360 et
1280 1331 1310 1360 in
1331 1330 1459 1361 historia
1477 1330 1651 1360 Poenorum
1673 1333 1704 1359 et
1723 1330 1753 1360 in

185 1385 280 1413 Livio.
302 1385 388 1413 Serv.
408 1386 485 1413 Aen.
506 1386 527 1418 Ι,
549 1385 617 1413 343.
642 1385 687 1419 (R.
709 1386 760 1419 IV,
782 1385 842 1420 80).
882 1387 916 1414 In
936 1387 1109 1414 nominibus
1130 1394 1240 1423 magna
1261 1389 1310 1414 est
1329 1386 1420 1414 codd.
1442 1386 1657 1422 discrepantia.

226 1438 249 1475 ζ.
285 1439 392 1476 Jopas,
413 1447 468 1468 rex
487 1439 638 1473 Afrorum,
657 1448 736 1469 unus
759 1441 798 1470 de
818 1442 922 1477 procis
941 1441 1080 1477 Didonis,
1100 1445 1133 1470 ut
1152 1442 1267 1471 Punica
1286 1445 1415 1470 testatur
1432 1441 1569 1471 historia.
1591 1441 1632 1470 id.
1653 1442 1675 1476 1,
1697 1441 1755 1470 738

188 1493 235 1530 (R.
257 1493 310 1530 ib.)
335 1509 376 1514 —
404 1494 510 1523 Mirum
531 1496 694 1531 estsquod
715 1496 805 1525 etiam
825 1495 903 1525 haec
933 1497 1008 1533 trgg.
1030 1497 1061 1526 in
1082 1497 1221 1534 Origines
1252 1497 1348 1526 relata
1379 1500 1459 1527 sunt.
1500 1498 1600 1526 Ambo
1626 1497 1688 1526 loci
1713 1497 1756 1526 ita

188 1553 259 1578 sunt
279 1550 456 1586 comparati,
476 1553 510 1578 ut
530 1550 649 1579 etiamsi
670 1558 716 1585 ea,
739 1558 817 1588 quae
838 1560 932 1589 supra
953 1552 993 1581 de
1013 1553 1069 1590 rrg.
1091 1561 1109 1582 e
1130 1552 1364 1590 disputavimus,
1387 1560 1447 1582 non
1468 1553 1594 1589 probes,
1614 1555 1714 1582 tamen
1736 1560 1754 1581 e

187 1605 311 1634 Catonis
332 1605 408 1634 libro
430 1607 563 1641 quodam
583 1607 674 1634 sumti
696 1614 769 1635 esse
789 1616 851 1636 non
871 1610 1002 1644 possint.
1042 1610 1088 1638 Ne
1114 1613 1228 1638 certum
1256 1610 1378 1645 quidem
1403 1609 1512 1637 librum
1538 1609 1630 1637 veluti
1656 1608 1753 1637 Jubae

188 1660 306 1689 aliusve
326 1660 449 1690 Servius
472 1660 665 1696 significasse
685 1662 821 1698 videtur,
850 1664 908 1693 sed
929 1665 1012 1693 nullo
1039 1668 1163 1693 auctore
1184 1664 1319 1693 adhibito
1348 1673 1387 1693 ex
1407 1662 1537 1693 historia
1555 1664 1669 1693 Punica
1688 1671 1752 1692 rem

186 1716 356 1753 repetiisse.
396 1715 488 1745 Erant
508 1723 583 1745 sane
604 1723 660 1745 eae
679 1724 729 1746 res
752 1718 841 1747 etiam
864 1718 969 1749 Catoni
990 1720 1177 1750 notissimae.
1200 1721 1237 1749 cf.
1259 1721 1353 1750 Solin.
1375 1720 1424 1756 27,
1448 1721 1494 1750 10.
1535 1721 1581 1750 Ac
1603 1720 1672 1756 quis
1694 1720 1753 1749 sibi

186 1772 383 1808 persuaserit,
406 1779 497 1808 quum
519 1773 695 1801 sexcenties
718 1773 856 1809 Origines
878 1775 1019 1803 laudatae
1041 1778 1148 1804 essent
1167 1776 1249 1812 apud
1270 1776 1419 1811 Servium,
1442 1776 1543 1805 subito
1565 1775 1687 1804 duobus
1702 1774 1752 1803 his

187 1828 264 1856 locis
280 1828 338 1855 alia
353 1827 532 1863 scriptorem
552 1834 642 1855 usum
663 1835 735 1857 esse
756 1829 962 1865 inscriptione.
1004 1831 1092 1866 Quod
1120 1839 1212 1867 quum
1233 1832 1436 1860 intellexisset
1456 1832 1560 1867 Meyer
1579 1832 1655 1866 srgg.
1671 1831 1753 1859 Orat.

186 1882 272 1911 Rom.
294 1889 324 1918 p.
345 1882 400 1917 56,
423 1882 607 1918 singularem
627 1883 736 1912 librum
758 1883 796 1912 de
816 1883 944 1913 historia
963 1885 1134 1916 Poenorum
1156 1887 1373 1924 composuisse
1396 1887 1539 1917 catonem
1560 1886 1754 1920 existimavit,

188 1938 246 1966 sed
266 1937 376 1965 nemini
396 1945 460 1965 rem
482 1939 701 1974 comprobavit.
724 1938 774 1974 (cf.
794 1939 923 1969 Krause.
944 1949 974 1978 p.
989 1941 1028 1971 97
1049 1945 1080 1971 et
1101 1942 1166 1972 133.
1187 1943 1330 1973 Duebner
1351 1944 1387 1972 ad
1411 1942 1525 1980 Meyeri
1546 1942 1601 1979 frg.
1623 1949 1653 1979 p.
1673 1941 1754 1977 160).

225 2002 255 2030 η.
287 1995 386 2022 Aures
408 1994 497 2023 nobis
526 1995 722 2023 calliscerunt
746 1996 786 2023 ad
812 1997 951 2034 inJurias3
980 1997 1106 2034 habeat,
1135 1999 1225 2028 alium
1253 2003 1414 2036 quaestum
1441 1999 1570 2036 coepiat.
1613 1998 1689 2027 Cato
1716 1998 1757 2026 de

187 2049 270 2080 bello
287 2049 525 2087 carthaginiensi
545 2059 593 2087 ap.
608 2051 674 2080 Non
688 2060 716 2081 v.
730 2053 925 2082 calliscerunt
943 2063 973 2090 p.
994 2055 1042 2084 63.
1066 2056 1196 2091 (Krause
1216 2065 1247 2093 p.
1271 2057 1349 2092 113).
1388 2057 1433 2085 Ex
1452 2056 1590 2085 oratione
1611 2055 1651 2083 de
1672 2055 1755 2084 bello

188 2104 435 2143 carthaginiensi.
476 2107 512 2137 cf.
536 2107 611 2137 Gell.
632 2107 680 2144 IX,
704 2107 750 2144 14,
774 2108 819 2139 10.

225 2163 258 2190 θ.
287 2163 325 2191 Μ.
348 2163 421 2193 Cato
444 2164 483 2193 de
503 2163 803 2200 Carthaginiensibus
825 2166 866 2194 ita
886 2166 1025 2204 scripsit:
1046 2168 1187 2199 homines
1210 2170 1391 2199 defoderunt
1409 2169 1563 2198 interram
1579 2167 1755 2197 dimidiatos

187 2216 350 2255 ignemque
372 2219 667 2256 circumposuerunt:
690 2221 732 2249 ita
751 2222 972 2252 interfecerunt.
1002 2225 1077 2253 Gell.
1098 2226 1145 2260 III,
1169 2227 1215 2260 14,
1239 2226 1285 2260 19,
1308 2225 1353 2261 (R.
1374 2226 1425 2260 lv,
1446 2223 1507 2260 84.)
1540 2223 1598 2261 Qui
1617 2222 1697 2251 haec
1717 2230 1756 2251 ex

187 2271 360 2308 Originibus
374 2282 448 2304 esse
462 2279 612 2311 putarunt,
631 2284 692 2305 non
706 2281 789 2305 recte
802 2280 1003 2316 perspexisse
1017 2282 1157 2310 videntur
1170 2283 1317 2311 rationem
1331 2284 1467 2310 veterum
1481 2279 1753 2317 grammaticorum,

188 2327 239 2364 qui
257 2332 352 2365 uuum
372 2339 463 2360 usum
484 2331 672 2368 singularum
692 2341 803 2363 vocum
824 2336 987 2372 explicant,
1014 2338 1053 2366 ad
1073 2345 1133 2367 res
1155 2346 1174 2367 a
1201 2338 1401 2375 scriptoribus
1430 2340 1567 2367 narratas
1601 2340 1753 2370 nunquam
1794 2363 1797 2368 .

548 2386 551 2388 .
1579 2385 1592 2400 ,4
1797 2383 1802 2387 “
