1980 2649
971 891 1013 941 Ι,

293 985 319 1014 1.
350 985 472 1015 Paranti
493 984 566 1014 mihi
586 993 638 1016 res
661 989 766 1023 gestas
789 986 927 1015 scribere
947 987 1079 1015 nominis
1092 986 1190 1015 Latini
1211 994 1304 1022 quum
1318 986 1459 1022 Origines
1475 986 1662 1015 Catonianae
1674 990 1783 1015 essent

195 1040 357 1070 adeundae
379 1041 468 1077 quasi
483 1043 585 1078 caput,
607 1049 646 1071 ex
668 1049 729 1079 quo
749 1041 812 1071 sere
834 1040 944 1076 omnia,
967 1049 1047 1078 quae
1067 1042 1226 1071 traduntur
1247 1041 1286 1070 de
1308 1041 1484 1077 antiquitate
1495 1041 1613 1076 Latina,
1635 1048 1782 1071 manasse

195 1096 350 1131 videntur,
378 1104 438 1125 non
460 1097 653 1133 ignorabam,
680 1105 741 1126 non
768 1097 808 1125 ad
833 1097 950 1134 largum
971 1104 1020 1125 me
1046 1097 1174 1132 fontem,
1204 1098 1261 1126 sed
1283 1098 1323 1126 ad
1344 1098 1448 1127 locum
1470 1104 1568 1133 prope
1589 1097 1780 1126 exsiccatum

196 1151 316 1193 deferri.
359 1152 448 1189 Quod
469 1160 531 1189 quo
552 1155 691 1190 tempore
713 1153 825 1182 sactum
852 1153 906 1194 sit,
935 1155 970 1195 ut
994 1152 1185 1195 praeclarum
1214 1153 1289 1181 illud
1316 1155 1346 1181 et
1367 1152 1543 1188 diligentiae
1571 1155 1602 1180 et
1623 1150 1782 1182 doctrinae

196 1206 416 1236 documentum
442 1207 591 1244 interiret,
622 1210 669 1238 tot
688 1207 821 1238 servatis
843 1207 966 1243 libellis,
989 1215 1068 1244 quos
1092 1208 1213 1238 deletos
1235 1209 1288 1237 vix
1310 1211 1398 1238 esset
1417 1208 1469 1243 qui
1491 1207 1699 1242 desideraret,
1726 1216 1781 1244 pro

196 1265 280 1291 certo
302 1262 426 1299 quidem
448 1263 589 1292 affirmari
616 1271 677 1293 non
704 1265 818 1300 potest.
860 1263 998 1293 Isidorus
1027 1262 1095 1299 (frg.
1118 1263 1169 1299 27)
1202 1264 1325 1304 ultimus
1356 1266 1418 1297 est,
1448 1263 1499 1299 qui
1526 1263 1613 1299 ipsas
1640 1262 1780 1298 Origines

194 1317 224 1345 in
240 1317 379 1347 manibus
392 1311 544 1348 habuisse
557 1319 686 1353 videtur,
702 1326 771 1347 nam
787 1319 871 1354 quod
886 1319 1086 1355 fragmentum
1102 1321 1151 1347 est
1166 1319 1248 1354 apud
1263 1319 1385 1347 Petmm
1401 1318 1610 1347 Crescentium
1627 1317 1694 1354 (srg.
1719 1319 1779 1353 13).

194 1380 255 1401 non
279 1380 318 1401 ex
345 1373 414 1410 ipso
443 1373 540 1409 fonte,
570 1374 628 1403 sed
649 1382 688 1403 ex
708 1374 854 1403 Varronis
875 1382 909 1403 re
929 1374 1045 1404 rustica
1065 1375 1099 1407 ll,
1122 1374 1150 1408 3,
1172 1373 1200 1408 3,
1228 1375 1298 1403 item
1327 1374 1410 1410 quod
1433 1377 1482 1402 est
1507 1374 1590 1409 apud
1616 1376 1780 1403 Alcuinum

194 1426 260 1464 (frg.
284 1427 336 1463 69)
363 1435 402 1456 ex
429 1428 587 1458 Prisciano
614 1429 651 1463 V,
673 1428 700 1463 8,
723 1428 761 1457 45
783 1428 951 1458 derivatum
972 1432 1028 1458 est.
1069 1430 1116 1458 Ac
1148 1436 1185 1457 ne
1212 1429 1342 1457 Ioannes
1364 1429 1470 1465 Lydus
1493 1429 1630 1464 quidem,
1660 1431 1711 1465 qui
1742 1439 1781 1458 cx

193 1483 405 1518 superioribus
427 1485 566 1520 proxime
586 1484 707 1513 accedit
728 1484 767 1512 ad
789 1486 917 1512 aetatem
940 1484 1063 1518 Isidori,
1087 1484 1163 1512 satis
1186 1487 1361 1511 accuratam
1383 1483 1538 1518 Originum
1559 1484 1694 1512 notitiam
1722 1485 1778 1513 ha-

194 1539 312 1572 buisse,
336 1540 393 1568 sed
415 1540 594 1568 auctoritate
617 1539 740 1568 Catonis
770 1542 886 1567 temere
913 1540 1031 1567 abusus
1054 1547 1127 1567 esse
1150 1539 1271 1566 videtur
1304 1538 1372 1573 (si-g.
1395 1538 1434 1567 28
1456 1542 1486 1566 et
1507 1538 1574 1572 29),
1598 1541 1681 1574 quod
1703 1549 1779 1568 sane

193 1600 230 1622 eo
253 1594 350 1631 magis
373 1596 422 1623 est
442 1594 558 1629 mirum,
580 1594 664 1631 quod
685 1593 883 1628 priscianum,
907 1594 958 1630 qui
973 1594 1000 1623 ei
1022 1594 1113 1623 aetati
1129 1594 1190 1623 sere
1207 1596 1271 1623 erat
1286 1601 1412 1630 suppar,
1436 1593 1576 1630 Origines
1593 1594 1777 1625 Catonianas

193 1649 333 1676 studiose
353 1650 512 1677 lectItasse
534 1649 634 1677 multis
657 1649 832 1684 fragmentis
855 1642 1015 1677 manifesto
1039 1649 1265 1685 comprobatur.

286 1704 314 1731 2.
357 1705 466 1732 Verum
488 1708 554 1732 utut
574 1712 624 1732 res
645 1704 722 1731 haee
739 1712 812 1731 sese
826 1704 929 1736 habet,
951 1708 1035 1731 tanta
1056 1713 1150 1739 quum
1170 1706 1200 1731 in
1223 1705 1349 1738 reliquis
1366 1703 1522 1730 historicis
1537 1705 1693 1738 Romanis,
1716 1709 1778 1733 tum

191 1759 220 1788 in
248 1758 371 1789 Catonis
399 1759 573 1795 Originibus
603 1747 683 1788 facta
712 1762 760 1788 est
776 1759 913 1794 jactura,
945 1762 977 1787 ut
1004 1760 1093 1787 simul
1122 1768 1193 1787 cum
1219 1760 1372 1787 literarum
1401 1760 1503 1787 studio
1535 1760 1623 1786 etiam
1652 1761 1777 1789 Catonis

192 1814 280 1850 quasi
303 1816 516 1844 renasceretur
537 1814 732 1844 desiderium.
777 1814 866 1850 Quod
888 1817 1033 1850 quantum
1054 1814 1144 1844 suerit
1169 1813 1253 1842 haud
1280 1814 1347 1842 scio
1370 1822 1408 1842 an
1431 1814 1513 1842 nulla
1534 1814 1593 1842 alia
1617 1822 1650 1842 re
1678 1817 1777 1851 magis

191 1871 423 1905 comprobetur,
452 1879 543 1907 quam
565 1870 723 1904 aviditate,
746 1878 807 1905 qua
828 1870 1014 1906 appetebant
1036 1870 1191 1906 Originum
1214 1870 1391 1905 fragmenta,
1415 1877 1494 1905 quae
1517 1870 1611 1898 edidit
1631 1871 1777 1900 Annius

188 1926 460 1955 viterbiensis
482 1927 597 1955 Romae
622 1924 742 1960 1498*),
765 1933 824 1954 non
840 1925 942 1954 solum
964 1925 1105 1954 homines
1124 1925 1319 1954 mediocriter
1341 1925 1434 1959 docti,
1456 1933 1559 1954 verum
1582 1925 1673 1953 ctiam
1687 1926 1779 1962 Sigo-

188 1981 228 2008 nii
258 1980 474 2018 Sylburgique.
517 1983 643 2010 Frustra
668 1981 716 2009 aiii
738 1981 839 2016 ipsum
859 1981 993 2009 Annium
1021 1988 1096 2009 esse
1123 1980 1280 2009 hominem
1309 1980 1488 2008 mendacem
1515 1983 1607 2016 atque
1636 1981 1779 2011 fallacem

191 2036 395 2069 clamitabant,
418 2037 528 2064 frustra
550 2037 600 2064 alii
622 2044 675 2063 eas
699 2036 822 2071 quidem
841 2036 989 2078 reliquias
1012 2037 1094 2063 nullo
1113 2037 1209 2079 modo
1232 2043 1306 2063 esse
1327 2042 1425 2071 posse
1440 2035 1631 2077 catonianaq
1649 2040 1780 2066 conten-

189 2092 312 2126 debant,
335 2100 468 2122 errorem
490 2093 648 2128 deponere
668 2092 830 2120 noluerunt
855 2091 1004 2126 plerique.
1044 2093 1187 2119 Attamen
1215 2100 1276 2119 non
1303 2090 1604 2119 Sanchuniathonem
1630 2096 1684 2120 aut
1703 2094 1779 2121 Ura-

188 2147 270 2174 nium
292 2148 444 2175 obtulerat
462 2147 596 2181 Annius,
618 2147 676 2175 sed
697 2146 830 2182 ineptam
851 2145 1047 2182 farraginem,
1069 2146 1098 2173 in
1122 2153 1184 2181 qua
1205 2152 1263 2173 nec
1286 2145 1446 2173 consilium
1470 2145 1592 2180 operiS,
1615 2147 1699 2182 quod
1724 2155 1778 2176 ex-

284 2256 306 2283 ⁸)
326 2256 420 2279 Iterum
436 2256 527 2279 eodem
543 2262 609 2279 anno
626 2255 754 2283 Venetiis;
779 2254 841 2279 15¹2
858 2258 883 2277 et
902 2253 963 2277 1⁵15
981 2253 1104 2282 Parisiis3
1123 2253 1185 2278 1545
1205 2257 1231 2276 et
1248 2253 1310 2277 1552
1337 2253 1508 2282 Antverpiae;
1526 2254 1592 2278 1558
1608 2258 1634 2278 et
1652 2254 1715 2279 1588
1747 2256 1778 2278 ab

188 2300 287 2331 onuph.
303 2302 429 2326 Psnvinio
448 2303 491 2333 (de
507 2303 567 2334 imp.
584 2303 668 2332 Rom.)
685 2303 776 2326 venet.
794 2306 820 2325 et
835 2302 921 2329 Parin
936 2301 995 2326 1591
1030 2301 1149 2331 Lugduni
1166 2307 1182 2324 a
1197 2301 1305 2331 Dionys.
1323 2299 1485 2324 Gothofredo
1502 2301 1531 2324 in
1547 2302 1654 2332 antiqua
1670 2302 1779 2326 hintoria

188 2353 219 2370 ex
234 2347 337 2373 xxvn
353 2350 496 2374 auctoribus
515 2354 645 2380 contextim
664 2348 724 2376 1612
741 2348 901 2380 Vitebergae.

1582 2391 1596 2418 1
