1980 2649
976 160 1017 191 27

212 258 353 295 tacimus,
371 258 454 297 apud
473 255 685 287 cornelium
686 255 903 303 Nepotem
907 256 1159 302 cuffiffnffl,
1171 257 1274 295 Atque
1300 256 1341 286 de
1360 255 1548 294 reliquorum
1567 254 1785 293 imperatorum

213 316 284 346 vitis
304 322 400 352 quum
418 299 501 343 aliae
503 296 644 342 aliorum
664 312 753 342 etiam
772 295 955 342 ιιιῖιιῖἶίιιῑ
962 295 1159 348 sentffit'iae
1171 313 1203 342 in
1223 320 1262 343 eo
1284 312 1480 342 consentiunt
1504 312 1570 341 rere
1589 318 1702 341 omnes
1729 309 1783 346 (ct.

212 370 391 409 Nipperdey
414 368 512 400 Praet.
532 376 562 406 p.
581 367 753 406 XXXVIH),
773 367 848 398 nihil
869 376 960 405 esse,
981 377 1037 399 cur
1056 369 1181 400 catonis
1201 369 1282 399 hanc
1303 369 1394 399 vitam
1413 369 1454 400 ab
1474 368 1545 406 ipso
1565 368 1685 406 Nepote
1706 367 1786 398 seri-

214 430 298 466 ptam
318 434 393 457 esse
412 432 569 462 negemus.
611 425 664 455 cui
685 424 856 454 sententiae
881 424 910 454 si
930 425 983 463 qui
1003 426 1093 455 etiam
1113 428 1220 455 contra
1239 426 1381 455 codicum
1407 425 1618 455 auctoritatem
1644 424 1786 455 dubitent

214 483 422 528 subscribere,
442 489 546 511 eorum
566 480 729 519 opiniones
750 480 885 511 minuere
900 481 966 519 jam
985 489 1047 511 non
1067 482 1097 511 in
1118 482 1218 512 animo
1233 481 1305 511 mihi
1318 485 1375 512 est.
1395 497 1437 503 —
1454 483 1498 512 At
1516 481 1611 511 multa
1628 481 1733 511 insunt
1751 480 1784 510 in

214 540 341 578 reliquis
361 538 446 574 vitis,
473 545 552 575 quae
571 538 651 568 falso
672 544 747 567 esse
772 539 891 567 narrata
908 537 988 568 inter
1012 546 1118 568 omnes
1145 541 1276 569 constat.
1321 539 1383 569 Sed
1408 545 1519 576 quum,
1546 540 1581 567 ut
1603 537 1673 574 ipse
1699 537 1782 572 dicit,

211 593 389 635 separatim
407 592 521 624 tibrim
533 591 574 623 ds
587 590 708 623 Catone
722 589 852 631 fea'sset
864 595 983 633 φοροίη
994 591 1030 623 Τ.
1045 592 1214 633 Pomponii
1224 592 1327 624 Auia·
1343 594 1540 631 intelligentis
1562 601 1666 623 eanim
1680 600 1781 622 rerum

214 651 360 690 doctique
373 648 601 684 existimatoris,
622 648 692 686 quis
706 650 764 685 est,
786 648 839 687 qui
858 649 1180 687 eenseatscriptorem
1193 658 1299 681 renum
1312 648 1481 681 πιαιιονίαο
1492 657 1557 681 non
1567 646 1782 691 indiligente-

213 708 303 744 (Gell.
322 706 457 743 xv,-28,
480 705 511 742 1)
534 713 612 742 opus
634 705 837 735 clarissimum
858 705 997 741 Catonis,
1024 707 1108 743 quod
1134 715 1172 736 ea
1196 710 1298 737 aetate
1323 708 1373 736 vel
1394 715 1558 744 puerorum
1580 709 1645 736 erat
1663 707 1694 735 in
1715 713 1782 735 ma-

214 765 320 799 nibus,
351 766 404 792 aut
427 770 489 791 non
514 762 672 791 lectitasse
696 764 748 790 aut
774 769 923 791 summam
943 770 983 791 ex
1004 769 1043 791 eo
1064 770 1231 800 excerpere
1251 771 1312 792 non
1332 764 1483 801 potuisse.
1524 763 1672 802 Quoniam
1690 763 1782 799 igitur

213 819 409 851 summarium
428 818 503 847 illud
522 818 553 847 in
574 817 792 847 dubitationem
810 818 916 847 vocari
935 826 998 848 non
1019 822 1132 855 potest,
1154 820 1361 857 quaerendum
1380 820 1515 854 videtur,
1536 826 1609 847 num
1628 819 1691 848 loci
1711 818 1779 849 Ori-

214 876 317 912 ginum
335 883 355 904 a
373 874 529 905 veteribus
550 873 751 910 scriptoribus
773 873 856 903 citati
875 873 967 911 iique,
989 882 1069 911 quos
1084 876 1161 905 ‘libri
1187 883 1313 905 numero
1332 883 1393 905 non
1416 875 1520 905 addito
1542 882 1582 903 ex
1602 875 1780 912 conjectura

213 930 341 968 singulis
362 929 446 960 libris
468 928 631 966 adscripsi,
653 927 793 958 Cornelio
813 928 924 966 Nepoti
944 933 1122 967 repugnent.
1164 930 1303 961 Ceterum
1324 931 1417 961 mirus
1437 930 1469 960 in
1488 932 1572 960 tanta
1585 938 1780 961 numerorum

213 986 401 1016 multitudine
421 988 470 1014 est
489 984 632 1014 codicum
652 991 826 1013 consensus
848 988 879 1013 et
899 985 1022 1022 siquae
1038 990 1087 1016 est
1099 987 1268 1023 scripturae
1284 987 1498 1023 discrepantia,
1520 986 1702 1023 optimorum
1717 993 1776 1016 nos

211 1042 356 1072 librorum
381 1040 590 1070 auctoritatem
611 1040 709 1069 secuti
736 1040 918 1070 deteriorum
944 1041 1092 1072 lectiones
1113 1043 1274 1080 diligenter
1293 1043 1524 1080 adscripsimus.
1562 1043 1667 1080 Itaque
1687 1043 1777 1072 locus

211 1097 340 1133 Nepotis
360 1097 477 1132 integer
500 1096 769 1125 transscribendus
795 1096 997 1134 singulaeque
1022 1098 1186 1128 incisiones
1214 1101 1307 1136 atque
1331 1098 1468 1128 membra
1492 1101 1636 1127 accurate
1661 1098 1777 1127 exami-

212 1153 314 1182 nanda
331 1152 481 1181 videntur.

250 1208 279 1238 2.
312 1205 416 1237 Senex
435 1205 586 1237 histor-ias
603 1205 744 1237 scribere
762 1206 905 1237 institnit.
945 1207 1063 1239 Earum
1081 1212 1152 1240 sunt
1172 1208 1251 1240 libri
1266 1213 1392 1249 septem.
1432 1208 1560 1240 Prim
1576 1208 1715 1239 eontinet
1726 1217 1780 1239 res
1795 1203 1800 1239 ἶ

213 1265 318 1304 ymas
337 1270 444 1303 regum
452 1260 570 1301 populi
581 1261 727 1299 Rotnani,
745 1261 899 1293 secundus
912 1265 943 1293 et
962 1263 1074 1295 tertius
1092 1264 1175 1296 unde
1194 1274 1336 1306 quaeque
1355 1264 1469 1296 civitas
1487 1267 1562 1295 orta
1579 1263 1623 1295 sit
1641 1263 1758 1295 Italica
1764 1275 1778 1301 ‚·
1795 1271 1801 1295 1

215 1318 256 1349 ob
278 1326 372 1359 quom
390 1324 457 1347 rem
477 1324 580 1347 omnes
600 1315 749 1357 Oriyines
767 1316 894 1348 vitietur
913 1318 1100 1357 appellasse.
1142 1319 1180 1350 In
1204 1323 1321 1363 quarto
1346 1324 1448 1351 autem
1472 1319 1585 1351 bellum
1609 1318 1778 1350 Poenica
1795 1316 1797 1318 ’

211 1373 362 1415 primum,
381 1372 416 1402 iu
428 1372 536 1412 quinto
549 1372 715 1403 secundum
736 1388 773 1394 —
794 1376 890 1413 atque
901 1372 981 1404 haec
995 1375 1099 1406 omnia
1118 1377 1317 1424 capitulatim
1335 1380 1407 1407 sunt
1425 1376 1513 1407 dicta
1533 1392 1571 1398 -—
1591 1375 1778 1416 reliquaque
1794 1410 1796 1412 ,

211 1428 297 1461 betta
311 1427 394 1469 puri
410 1427 502 1459 modo
518 1429 703 1467 persecutus
722 1430 769 1459 est
787 1436 886 1470 usque
904 1430 949 1462 ad
963 1433 1152 1470 pramram
1170 1429 1280 1463 Servii
1299 1431 1435 1470 Galbae,
1454 1430 1511 1473 qui
1528 1430 1666 1471 diripuit
1685 1429 1776 1462 Lusi·
1828 1445 1833 1453 ι

210 1487 313 1516 tanos.
353 1483 456 1522 Atque
475 1482 586 1513 horum
606 1481 758 1514 bellorum
777 1482 872 1515 duces
898 1493 963 1517 non
981 1486 1169 1525 nominavit,
1194 1487 1251 1519 sed
1275 1488 1343 1519 sine
1367 1485 1543 1519 nominibus
1566 1494 1620 1518 res
1642 1485 1776 1517 notavit.

211 1539 250 1571 In
269 1539 379 1570 iisdem
393 1538 551 1578 exposuit,
571 1546 653 1579 quae
665 1538 700 1569 in
711 1538 810 1570 ltalia
824 1538 862 1577 (2)
876 1540 1102 1584 Hispaniisque
1115 1546 1171 1573 mat
1183 1542 1295 1585 fierent
1307 1546 1364 1574 aut
1376 1542 1563 1574 videratur
1575 1540 1775 1572 admiranda.

214 1594 252 1624 Iu
271 1594 384 1635 quibus
402 1595 501 1624 multa
518 1593 677 1624 industria
696 1597 728 1624 et
748 1594 914 1636 diligentia
933 1601 1108 1638 comparet,
1127 1600 1226 1631 multa
1246 1599 1448 1638 doctriua.*)

249 1652 277 1681 3.
312 1652 436 1680 Senex
455 1649 641 1679 historias
663 1651 838 1680 scribere
857 1653 1040 1684 instituit.
1082 1657 1170 1692 Quod
1190 1656 1335 1685 historias
1357 1657 1494 1694 appellat
1506 1656 1613 1692 Nepos
1628 1655 1777 1692 Origines,

212 1708 251 1736 de
272 1715 309 1735 ea
328 1713 361 1735 re
384 1705 590 1740 disseremus,
617 1706 670 1735 ubi
696 1707 735 1735 de
762 1707 961 1743 inscriptione
987 1710 1089 1746 operis
1118 1712 1352 1748 disputabimus.
1401 1712 1562 1749 Quaeritur
1587 1711 1689 1748 igitur,
1716 1718 1778 1748 quo

210 1766 347 1799 tempore
368 1760 507 1797 Origines
528 1761 660 1797 scriptae
681 1769 754 1790 esse
774 1762 942 1793 videantur.
984 1764 1090 1794 Cicero
1110 1766 1193 1795 Brut.
1215 1766 1264 1802 23,
1280 1767 1318 1797 89
1341 1768 1487 1797 catonem
1507 1767 1653 1796 retulisse
1674 1767 1780 1796 scribit

212 1818 379 1846 orationem
400 1817 431 1844 in
452 1817 577 1845 Galbam
597 1816 730 1845 habitam
748 1818 778 1845 in
800 1819 933 1855 origines
954 1827 1043 1855 suas,
1074 1820 1189 1859 paucis
1207 1824 1376 1862 antequam
1395 1825 1537 1853 mortuus
1563 1825 1644 1852 esset
1669 1820 1780 1851 diebu

210 1879 254 1901 un
277 1870 439 1902 mensibus.
480 1872 576 1900 Etiam
602 1872 641 1900 de
668 1876 784 1901 senect.
812 1873 859 1907 11,
887 1874 926 1902 37
953 1875 1069 1904 inducit
1094 1877 1240 1906 Catonem
1268 1879 1448 1914 docentem,
1470 1879 1634 1915 septimum
1655 1886 1691 1906 se
1715 1881 1780 1905 tum

211 1927 365 1964 Originum
386 1927 494 1956 librum
520 1927 551 1956 in
569 1927 708 1957 manibus
729 1927 843 1957 habere
870 1932 901 1957 et
920 1930 1064 1966 quoniam
1084 1933 1273 1969 colloquium
1293 1935 1369 1963 illud
1396 1934 1531 1964 habitum
1557 1933 1644 1971 tingit
1669 1933 1779 1963 Cicero

211 1983 245 2012 T.
268 1983 385 2020 Quintio
405 1983 571 2012 Flaminino
592 1983 629 2012 M'
650 1984 748 2013 Acilio
768 1984 865 2013 Balbo
887 1992 971 2014 coss·
992 1994 1070 2016 anno
1094 1995 1121 2016 a.
1135 1996 1165 2018 u.
1182 1997 1208 2018 c.
1230 1991 1458 2020 sexcentesimo
1475 1993 1581 2027 quarto
1604 1989 1657 2025 (ib.
1672 1989 1701 2025 5,
1717 1989 1778 2025 14),

304 2086 325 2114 ⁸)
341 2085 443 2109 Librum
462 2092 535 2115 quem
556 2084 657 2115 scripsit
677 2085 765 2109 Sixma
787 2093 835 2109 van
854 2087 974 2111 Heemfra
996 2089 1028 2112 de
1044 2089 1152 2121 Nepotis
1175 2091 1230 2115 vita
1246 2092 1352 2116 Catonis
1368 2092 1482 2123 Lugdun.
1499 2091 1556 2116 But.
1577 2091 1639 2116 1825
1655 2091 1719 2114 mihi
1735 2096 1779 2122 ps-

210 2140 266 2158 rnre
281 2141 334 2157 non
349 2134 429 2164 potui.
462 2133 532 2162 Quae
548 2136 680 2164 praeterea
697 2133 729 2157 de
745 2134 792 2157 hac
807 2135 870 2165 vita,
887 2143 951 2166 quae
968 2145 1020 2161 non
1037 2142 1076 2162 est
1092 2139 1119 2162 in
1136 2140 1251 2164 editione
1269 2142 1391 2172 principe,
1410 2144 1468 2164 sunt
1484 2141 1626 2171 disputata,
1642 2139 1669 2163 h.
1686 2139 1703 2162 l.
1721 2139 1780 2161 lieet

210 2181 416 2212 praetermittere.
434 2194 465 2199 —
479 2181 575 2212 Regum
590 2181 619 2206 P.
635 2181 679 2206 ΒΛ
696 2181 778 2213 prims
793 2189 844 2206 vox
860 2183 931 2207 deest
948 2191 989 2216 ap.
1006 2185 1134 2217 Pigbinm.
1151 2201 1184 2205 —
1204 2188 1235 2213 In
1251 2193 1340 2220 quarto
1358 2193 1442 2213 antem
1457 2192 1505 2212 est
1521 2188 1547 2213 b.
1565 2188 1595 2213 P.
1613 2187 1737 2211 Vossisni
1753 2185 1779 2210 A

211 2231 237 2251 et
252 2229 292 2259 0.,
308 2229 332 2254 b.
348 2229 378 2255 P.
396 2233 443 2254 est
458 2229 530 2261 prim.
548 2228 629 2254 Guelf.
651 2242 683 2247 —
704 2231 789 2261 Atque
805 2230 867 2255 haec
883 2232 969 2256 omnis
984 2240 1039 2265 cap.
1057 2242 1076 2260 s.
1096 2235 1120 2261 d.
1137 2237 1209 2261 uncis
1230 2237 1332 2261 inclusit
1352 2237 1501 2268 Heusinger.
1519 2250 1552 2256 —
1576 2236 1695 2267 Reliqua,
1718 2233 1774 2258 edd.

210 2282 287 2301 nonu.
302 2290 333 2295 ——
351 2277 422 2308 Quae
437 2278 464 2302 in
475 2278 571 2310 Gallia,
580 2277 664 2302 Klotz.
680 2290 713 2295 —
729 2281 771 2302 aut
786 2278 875 2304 fierent
884 2283 935 2312 aut,
952 2288 985 2306 ex
995 2283 1052 2308 cod.
1065 2283 1148 2309 Guelr.
1160 2286 1220 2311 add.
1232 2286 1378 2318 Nipperdey
1395 2290 1421 2310 et
1428 2285 1506 2311 Roth.
1523 2299 1556 2304 —
1571 2285 1644 2310 nulla
1654 2282 1774 2309 doctrin&

213 2324 334 2348 Vani-ni
349 2327 383 2350 Δ.
401 2331 427 2350 et
443 2326 472 2351 C.
488 2327 560 2358 prob.
578 2327 731 2358 Nipperdey.
748 2340 779 2345 --
795 2328 835 2352 De
851 2329 1052 2360 interpunctione
1069 2339 1084 2356 a
1100 2340 1139 2356 me
1156 2338 1251 2359 mutata
1268 2335 1298 2359 cf.
1316 2335 1382 2359 infra
1398 2335 1444 2365 m,
1462 2337 1485 2360 7.

1600 2374 1635 2405 4*
