1980 2649
986 164 1026 194 43

140 290 142 292 ,
168 295 171 301 ,
220 260 252 291 iu
270 259 385 290 Italiam
406 259 528 289 delatus
548 258 646 288 videri
665 259 767 295 possit
785 258 871 289 cato.
911 260 1067 297 Suspecta
1085 259 1175 296 igitur
1194 261 1267 288 sunt
1286 257 1382 288 verba
1400 255 1436 286 ι’.
1454 254 1572 292 ledia,-
1592 263 1694 294 neque
1714 263 1791 286 vero

219 301 381 353 probabile
401 316 433 345 id
453 315 539 351 quod
559 315 727 351 ,proposuit
750 315 838 345 Klotz
871 323 964 351 quum
993 315 1142 344 scriberet
1166 312 1202 343 in
1228 312 1346 344 Gallia.
1393 313 1466 343 Mihi
1492 313 1565 343 olim
1590 312 1790 342 scribendum

219 371 382 402 videbatur
398 369 433 401 ia
445 367 620 405 mitada,
641 371 700 401 sed
719 378 781 401 non
795 373 853 406 est,
875 378 930 400 cur
948 370 1132 407 reliquarum
1153 369 1285 407 gentium
1305 375 1408 398 mores
1428 369 1631 406 locorumque
1648 372 1788 399 naturam

221 427 370 457 omissam
390 433 465 456 esse
484 428 634 462 putemus.
1106 453 1108 455 ,

261 482 309 512 12.
342 483 464 517 Restat,
489 484 522 511 ut
547 482 586 511 de
612 482 795 512 incertorum
822 482 966 512 librorum
998 480 1133 518 reliquiis
1161 488 1262 517 pauca
1281 480 1441 524 addamus.
1478 480 1525 510 De
1544 481 1700 517 plerisque
1720 481 1786 518 jam

221 538 370 572 diximus,
399 537 438 566 de
458 537 532 574 srgg.
554 536 610 575 123
631 539 662 566 et
683 536 739 578 126
761 537 798 566 ci.
812 538 861 573 111,
880 536 910 573 5,
931 545 962 574 p.
974 536 1030 573 30;
1051 534 1106 573 frgi
1123 534 1179 565 128
1193 535 1231 564 cs.
1245 543 1276 572 p.
1290 535 1329 565 20
1343 538 1469 572 ann‘ot.;
1490 536 1546 572 rrg.
1563 535 1619 565 135
1635 537 1672 565 cf.
1687 545 1718 572 p.
1733 537 1783 566 41.

221 593 283 624 Gur
306 593 484 630 praefationi
510 593 565 630 frg.
589 592 654 628 127,
683 593 813 630 septimo
842 595 894 622 aut
917 595 1008 622 sexto
1038 591 1114 621 libro
1142 591 1218 628 frgg.
1241 590 1306 626 125,
1329 590 1395 627 130,
1424 580 1481 621 134
1507 592 1670 622 inseruerit
1693 591 1783 627 Roth,

221 657 282 678 non
302 649 444 679 intellexi.
485 649 569 678 Idem
597 649 681 685 quod
705 649 772 678 Jani
794 648 1001 685 conjecturam
1021 647 1151 685 probare
1172 636 1297 682 dubitat,
1318 647 1372 684 irg.
1396 646 1451 677 131
1473 655 1534 677 non
1555 647 1689 677 debebat
1710 655 1784 677 con-

216 705 348 742 ,iungere
369 713 438 734 cum
454 705 508 741 srg.
524 704 573 733 27.
615 706 715 741 Atque
736 705 791 741 srg.
814 703 871 733 124
895 702 1002 739 eodem
1021 710 1179 733 camenae
1197 701 1373 741 complures
1392 710 1432 732 α·
1450 710 1532 742 agro
1545 701 1783 733 acces-movere.

218 760 267 790 Eo
285 767 339 790 res
358 767 464 789 eorum
484 758 575 789 auxit
594 759 633 788 de
652 759 771 789 Romuli
791 760 882 796 asylo
894 759 1021 788 'dictum
1038 767 1111 788 esse
1133 761 1241 788 censet
1258 758 1413 794 Wagener
1432 762 1463 787 et
1482 759 1535 795 qui
1556 766 1625 788 eum
1645 760 1785 796 sequitur

218 816 308 846 Roth.
342 815 494 845 Assentiri
510 815 624 850 dubito,
645 816 729 852 quod
742 822 883 851 magnam
897 802 1116 852 multitudinem
1131 813 1319 844 confluxisse
1332 814 1458 843 Romani
1478 814 1645 851 scriptores
1661 816 1784 845 tradunt

217 871 365 907 plerique.
405 871 566 899 Praeterea
581 871 646 905 Qduo
667 873 739 899 sunt
757 870 833 904 loci,
855 870 895 898 ad
916 877 995 905 quos
1021 870 1148 905 propius
1177 870 1326 905 accedere
1353 869 1473 898 videtur
1497 870 1714 905 fragmentum,
1743 871 1781 899 de

217 925 561 963 Digitiis'Ptaenestinis
583 924 669 954 Serv.
689 926 766 955 Aen.
786 925 850 960 VII,
870 924 939 960 678,
961 927 992 954 et
1012 926 1051 955 de
1073 925 1195 955 Gabinis
1217 924 1336 960 (Galato
1358 928 1389 953 et
1406 925 1462 954 Bio
1482 926 1497 954 ¹?
1516 925 1611 955 Solin.
1625 926 1653 961 2,
1669 926 1719 962 10)
1740 927 1780 956 ib.

216 981 285 1011 682.
305 997 347 1009 —.-
364 982 501 1011 Alterum
522 981 587 1017 srg.
600 980 657 1009 129
678 980 719 1008 ita
740 983 915 1017 corruptum
935 983 993 1014 est.
1014 984 1049 1010 ut
1067 980 1139 1009 mihi
1160 980 1284 1017 quidem
1304 980 1378 1008 nihil
1400 981 1439 1009 de
1460 988 1497 1009 eo
1519 982 1713 1010 statuendum
1734 983 1780 1011 vi—

218 1037 332 1066 deatur.
373 1037 527 1073 Wagener
548 1039 722 1085 comparato
742 1036 934 1072 Apollodoro
955 1036 1090 1071 11,5,10
1110 1036 1150 1065 ad
1168 1036 1309 1065 Herculis
1329 1036 1386 1064 iter
1404 1036 1596 1065 referendum
1622 1041 1731 1067 censet
1751 1042 1781 1067 et

217 1093 370 1126 locorum,
391 1095 424 1119 ut
443 1092 576 1126 videtur,
597 1091 821 1127 propinquitate
843 1091 1013 1121 commotus
1034 1092 1122 1120 tertio
1139 1092 1236 1126 libro,
1258 1092 1309 1128 qui
1330 1094 1379 1120 est
1400 1092 1438 1119 de
1459 1092 1544 1119 Italia
1563 1092 1712 1127 interiore,
1733 1093 1779 1121 in-

218 1148 330 1184 seruit;
351 1146 430 1177 Roth
450 1147 531 1178 idem
552 1147 684 1176 sortasse
705 1148 878 1184 spectavit
887 1156 980 1184 quum
1000 1147 1097 1183 primo
1112 1147 1188 1176 libro
1203 1148 1402 1184 fragmentum
1416 1147 1614 1176 adscriberet.
1656 1149 1719 1176 Sed
1741 1149 1780 1176 de

217 1203 294 1239 ipsis
315 1203 450 1239 reliquiis
471 1202 631 1245 hactenus.
667 1227 672 1231 .
695 1217 698 1220 -

953 1275 1044 1323 IV.

258 1368 284 1405 1.
307 1369 699 1411 Contine,t;s‚ecundus
722 1373 758 1398 et
778 1370 915 1399 tertius
934 1371 1031 1399 liber
1050 1369 1149 1398 unde
1170 1376 1340 1407 quaeque
1362 1369 1502 1398 civitas
1526 1371 1608 1398 orta
1629 1369 1681 1398 sit
1700 1370 1777 1398 Ita-

216 1426 309 1461 lica3
336 1426 380 1453 ob
408 1433 514 1461 quam
540 1434 614 1453 rem
643 1433 771 1454 omnes
794 1426 970 1461 Origines
1001 1426 1154 1453 videtur
1179 1426 1411 1461 appellasse.
1452 1426 1487 1453 Id
1508 1425 1631 1460 quidem
1653 1426 1777 1454 dubium

216 1481 313 1509 videri
334 1488 394 1509 non
415 1484 532 1516 potest,
563 1481 634 1517 quin
655 1481 723 1516 ipse
745 1481 818 1510 Cato
848 1489 926 1517 opus
958 1481 1156 1517 appellaverit
1186 1480 1325 1517 Origines
1351 1488 1409 1509 nec
1436 1488 1570 1516 unquam
1596 1488 1615 1509 a
1639 1481 1776 1510 Romano

217 1536 366 1572 scriptore
388 1537 473 1563 aliter
492 1537 675 1571 appellatum
698 1538 754 1570 est,
777 1537 896 1565 duobus
919 1537 1057 1573 exceptis
1072 1536 1160 1571 locis,
1183 1537 1221 1565 de
1234 1537 1344 1573 quibus
1360 1537 1471 1572 postea
1485 1536 1541 1564 erit
1554 1536 1777 1566 disserendum.

216 1592 279 1619 Sed
299 1592 373 1618 mira
393 1582 484 1626 atque
505 1592 725 1626 inexplicabilis
748 1592 815 1619 visa
835 1595 883 1620 est
896 1600 932 1619 ea
944 1593 1101 1628 inscriptio
1116 1579 1193 1628 ipsis
1207 1592 1372 1620 veteribus.
1413 1593 1514 1627 Atque
1528 1591 1631 1627 Nepos
1654 1592 1776 1627 quidem

217 1647 300 1682 quod
313 1646 465 1682 ,judicavit
491 1655 580 1681 quam
607 1647 647 1674 sit
667 1647 832 1674 absurdum
854 1648 942 1675 facile
963 1651 1104 1683 apparet;
1131 1655 1168 1674 ne
1187 1648 1218 1674 id
1239 1647 1361 1683 quidem
1382 1647 1554 1682 perspexit,
1581 1647 1676 1682 primo
1697 1647 1774 1675 libro

216 1701 385 1731 rectissime
406 1702 485 1730 idem
506 1709 616 1730 nomen
637 1702 776 1738 potuisse
799 1702 862 1731 dari
883 1701 933 1737 (cf.
955 1711 1037 1738 supr.
1058 1704 1105 1737 ΙΙΙ,
1126 1703 1154 1731 5.
1175 1710 1205 1738 p.
1219 1701 1255 1731 31
1280 1701 1350 1738 sq.).
1392 1702 1518 1738 ReJecta
1538 1710 1583 1736 ea,
1606 1710 1696 1738 quam
1716 1710 1775 1731 nos

217 1757 444 1795 proposuimus,
466 1757 618 1786 summarii
633 1757 801 1787 Corneliani
821 1758 1065 1794 interpretatione
1086 1758 1113 1788 si
1133 1758 1163 1786 in
1179 1758 1321 1787 extremis
1336 1758 1421 1788 libris
1438 1762 1567 1795 quatuor
1579 1761 1776 1795 persecutum

216 1817 356 1849 putamus
380 1815 522 1842 Catonern
543 1821 593 1841 res
615 1814 777 1847 Romanas,
803 1813 875 1841 nihil
896 1816 999 1848 restat,
1021 1813 1079 1842 nisi
1103 1816 1137 1841 ut
1157 1813 1388 1842 subscribamus
1411 1814 1578 1842 sententiae
1599 1813 1682 1841 Festi
1707 1814 1774 1842 sive

215 1870 313 1898 Verrii
332 1870 434 1898 Flacci
455 1879 484 1898 v.
498 1870 650 1904 Originum
670 1878 699 1904 p.
717 1869 773 1898 198
794 1867 956 1907 Ortyinum
977 1869 1076 1898 libros
1095 1869 1180 1904 quod
1199 1869 1361 1906 inscripsit
1374 1869 1454 1897 Cato
1473 1877 1536 1896 non
1554 1868 1634 1896 satis
1647 1869 1778 1906 ,plenum

1852 249 1960 312 af

217 1924 337 1956 titulum
361 1923 523 1963 propositi
561 1923 613 1954 sui
639 1922 764 1954 videtur
791 1923 965 1962 amplexus,
992 1922 1119 1964 quando
1142 1927 1363 1964 praeyraeant
1389 1935 1443 1960 ea,
1468 1933 1549 1963 quae
1573 1927 1645 1953 sunt
1669 1934 1777 1954 rerum
1884 1920 1889 1922 ”

214 1982 371 2022 qestarum
388 1978 505 2018 populi
522 1977 663 2014 Romani.
706 1980 770 2017 Qua
791 1979 905 2012 ratione
926 1980 1053 2017 probata
1074 1978 1146 2009 nihil
1168 1979 1249 2010 aliud
1269 1980 1470 2017 praedicatur,
1491 1980 1550 2010 nisi
1565 1979 1710 2009 Catonem
1725 1985 1779 2010 aut

217 2036 398 2065 alucinatum
425 2042 513 2070 esse,
541 2042 633 2071 quum
660 2042 726 2063 eam
754 2035 981 2073 inscriptionem
1003 2035 1087 2073 operi
1107 2038 1324 2073 praeponeret,
1352 2038 1402 2065 aut
1417 2035 1450 2066 ,si
1476 2035 1602 2066 mutavit
1622 2035 1651 2065 in
1673 2036 1776 2068 medio

217 2100 311 2128 opere
332 2093 499 2126 consilium,
523 2095 677 2127 gravatum
699 2099 771 2120 esse
791 2095 905 2120 mutare
920 2092 1008 2120 etiam
1029 2092 1255 2128 inscriptionem
1278 2093 1415 2128 quamvis
1436 2093 1479 2120 rei
1492 2093 1556 2129 jam
1577 2100 1639 2121 non
1661 2101 1778 2122 conve-

215 2149 356 2178 nientem.
398 2149 459 2178 Sed
487 2151 623 2176 neutrum
651 2148 843 2177 commisisse
876 2156 968 2183 quum
993 2151 1076 2176 recte
1102 2148 1314 2176 arbitrarentur
1346 2148 1443 2180 virum
1469 2149 1602 2177 omnium
1631 2153 1777 2192 constan—

215 2204 376 2239 tissimum,
397 2204 497 2233 varias
519 2203 722 2239 inscriptionis
745 2211 857 2233 causas
880 2204 1096 2240 excogitarunt.
1136 2204 1197 2232 Alii
1217 2213 1278 2233 non
1298 2205 1389 2233 modo
1412 2205 1674 2241 originesverum
1688 2207 1779 2234 etiam·

216 2260 401 2288 incrementa
415 2268 514 2288 rerum
527 2260 727 2288 Romanarum
742 2267 778 2287 ea
792 2259 989 2296 inscriptione
1005 2258 1221 2296 comprehendi
1235 2263 1377 2297 putarunt
1397 2260 1535 2296 (Nitzsch
1549 2261 1659 2299 Polyb.
1674 2270 1703 2298 p.
1720 2261 1774 2290 141

215 2315 364 2352 probante
386 2314 581 2352 Schweglero
602 2315 637 2345 H.
651 2316 686 2345 R.
699 2316 720 2351 Ι,
736 2324 764 2352 p.
779 2314 839 2351 81),
854 2315 903 2345 alii
917 2315 1010 2351 (idem
1025 2315 1148 2346 Nitzsch
1163 2320 1274 2358 mutata
1290 2317 1440 2351 sententia
1455 2317 1583 2347 Gracch.
1599 2327 1629 2354 p.
1645 2318 1703 2347 217
1717 2325 1775 2353 sq„

1602 2364 1638 2395 6*
