1980 2649
1011 149 1049 179 12

274 245 323 274 57.
347 223 510 275 conditum
530 247 580 273 est
602 231 717 280 m,
742 244 826 274 sieut
853 244 929 274 cato
955 245 1029 273 tacit
1053 243 1272 278 testimenium,
1298 252 1323 273 a
1336 242 1467 274 Mero
1497 242 1629 276 M
1647 240 1820 282 mo

234 296 519 330 emundi-i.
561 297 661 329 Solin.
680 297 710 334 2,
731 297 761 330 8.
804 297 866 335 (W.
886 298 936 329 40.
956 296 1075 335 Β.60.)

272 354 321 384 58.
353 355 392 383 In
414 360 547 390 eampo
567 353 717 384 Tiburti
737 354 803 384 ubi
824 353 1033 391 (mordeam
1059 351 1289 388 demessuit,
1318 351 1424 383 idem
1443 352 1482 384 in
1503 320 1695 386 montibus
1715 353 1836 391 θοῆς

158 442 166 447 .
207 411 295 440 *ubi
323 409 539 445 (mordeum
563 411 665 439 idem
689 411 828 440 iterum
854 411 969 439 metit.
1016 409 1091 440 Cato
1118 411 1149 439 in
1180 410 1207 439 11
1234 408 1390 445 Originum
1416 416 1472 446 tp.
1487 409 1637 441 meina.
1662 409 1700 446 X,
1721 409 1750 445 8,
1770 409 1818 445 47.

162 454 176 461 ³
208 449 319 495 {Prius
341 472 464 494 comma
483 473 523 494 ex
545 465 701 502 Originum
722 466 757 494 11.
779 473 828 502 ap.
850 466 941 495 eund.
963 466 1003 495 de
1021 465 1075 495 XII
1095 472 1177 494 vers.
1197 466 1275 494 Aen.
1298 462 1318 501 5
1342 462 1409 493 132.
1432 455 1495 499 (W.
1516 464 1565 495 41.
1586 465 1621 496 R.
1642 465 1708 502 61.)

271 520 320 549 59.
356 521 450 557 Quia
476 521 507 549 is
534 521 644 550 locus
674 521 868 559 montibus
899 523 1092 557 p-,raestet
1105 520 1331 550 Praeneste
1357 518 1504 556 oppido
1532 527 1670 551 nomen
1702 520 1818 551 dedit.
1846 532 1851 536 ·

234 575 309 604 Cato
330 583 379 611 ap.
402 576 490 604 Serv.
512 577 589 605 Aen.
610 575 674 610 vn,
695 574 776 606 682..
788 575 849 611 (W.
872 575 921 605 38.
941 576 977 606 R.
999 575 1061 612 62.)

273 630 322 660 60.
352 628 518 660 camum
537 628 679 668 virgines
699 638 816 670 aquam
835 630 977 669 petentes
996 630 1030 661 in
1046 627 1126 668 foco
1146 628 1451 670 invenimusque
1474 626 1612 660 Vulcani
1630 628 1743 671 [ssis-
1752 637 1820 662 eun

234 683 441 721 exJistz'masse
466 686 496 714 et
524 683 610 725 quod
638 684 750 715 oeulos
774 685 905 727 exiguos
930 684 1079 722 liaberet,
1099 683 1265 716 Gnosiam
1289 683 1497 725 appellatura.
1542 683 1605 716 Hie
1630 684 1820 718 comis

230 738 417 777 pastoribus
436 738 555 776 [urbem
574 738 763 777 Praeneelte
778 739 942 779 fundavit.
987 741 1084 778 [calto
1105 742 1136 770 in
1157 741 1332 777 Originibus
1351 740 1382 769 in
1402 740 1509 771 Schol.
1530 741 1644 771 Veron.
1672 741 1712 771 ad
1736 742 1817 771 Aen.

231 795 295 829 Vll,
317 794 386 829 249,
407 803 438 831 p.
461 795 501 824 99
521 796 598 825 Keil.
622 795 685 830 (W.
707 795 756 825 39.
779 797 814 825 R.
836 796 899 832 62.)

270 850 319 879 61.
350 850 389 879 Si
413 850 500 887 quis
523 853 697 880 mortuus
724 853 787 881 est
813 851 1031 887 Arpinatis,
1060 851 1142 888 ejus
1171 850 1357 880 heredem
1384 857 1499 880 saera
1525 859 1598 881 non
1624 855 1819 894 secuntur.

235 904 308 933 Cato
332 905 490 941 Originum
511 906 536 934 11
557 913 605 942 ap.
627 906 776 935 Priscian.
798 906 847 940 IV,
869 906 898 941 4,
919 906 958 936 28
980 909 1011 935 et
1030 906 1138 936 iterum
1158 907 1222 941 VII,
1245 906 1292 941 12,
1313 905 1362 936 60.
1385 905 1446 941 (W.
1467 906 1516 935 57.
1538 906 1573 936 R.
1593 905 1657 942 67.)

845 992 1057 1024 Incertae
1079 993 1216 1024 secun.

269 1071 318 1098 62.
340 1072 379 1098 In
401 1071 600 1098 maximum
622 1072 742 1099 decus
758 1075 867 1108 atque
888 1072 925 1099 in
948 1070 1268 1100 excelsissimam
1288 1071 1566 1102 claritudinem
1583 1070 1820 1102 sublimavit.

233 1125 334 1159 (Cato)
357 1126 553 1160 Originuml.
575 1128 609 1154 11.
632 1135 680 1161 ap.
701 1128 827 1155 Festum
848 1135 877 1154 v.
901 1128 1079 1155 sublimavit
1098 1135 1129 1170 p.
1150 1127 1218 1155 306.
1242 1126 1304 1163 (W.
1325 1127 1374 1157 59.
1396 1128 1431 1157 R.
1453 1126 1516 1164 35.)

272 1180 321 1209 63.
354 1182 484 1216 Neque
507 1183 610 1210 satis
639 1182 788 1215 habuit,
818 1184 919 1217 quod
941 1190 1026 1210 eum
1048 1183 1083 1209 in
1105 1183 1261 1209 occulto
1283 1183 1509 1217 vitiaverat,
1541 1183 1633 1219 quin
1658 1182 1744 1220 eJus
1766 1183 1822 1212 fa-

235 1243 324 1263 mam
345 1238 616 1291 prostitueret.
661 1238 733 1266 Cato
756 1239 784 1265 in
807 1238 946 1266 secunda
968 1238 1032 1272 ori„
1016 1237 1084 1265 “ine
1106 1244 1156 1271 ap.
1180 1237 1369 1270 Gell.XV11,
1393 1237 1440 1271 13,
1462 1237 1490 1265 4.
1514 1237 1576 1272 (W.
1598 1237 1645 1266 44.
1666 1237 1701 1266 R.
1723 1237 1786 1272 33.)

272 1289 319 1318 64.
333 1286 389 1322 (Si
416 1282 561 1345 indefin
584 1292 698 1320 navis
721 1293 883 1328 putidas
916 1296 1034 1328 atque
1055 1292 1286 1320 sentinosas
1310 1295 1561 1321 commeatum
1588 1299 1734 1329 ponere
1759 1299 1820 1322 vo-

234 1326 367 1382 lebant.
412 1346 486 1375 Cato
510 1348 665 1381 Originum
687 1348 738 1375 lib.
761 1348 786 1375 11
807 1356 855 1382 ap
878 1349 954 1375 Non.
979 1356 1006 1374 v.
1029 1347 1168 1382 putidum
1190 1354 1220 1381 p.
1245 1345 1311 1374 104.
1334 1346 1395 1380 (W.
1417 1347 1456 1380 V,
1477 1347 1543 1375 104.
1566 1348 1601 1376 R.
1622 1346 1685 1381 39.)

271 1398 318 1427 65.
354 1400 455 1428 Fana
481 1401 554 1430 hoe
576 1402 665 1430 ioco
689 1403 914 1437 compluria.
952 1403 1026 1430 Cato
1050 1402 1209 1436 Originum
1232 1401 1371 1429 secundo
1394 1409 1445 1436 ap.
1465 1401 1617 1429 Donatum
1639 1401 1679 1429 ad
1700 1402 1820 1429 Terent.

233 1453 353 1482 Phorm.
376 1455 426 1488 IV,
448 1455 476 1489 3,
497 1455 525 1484 6.
552 1456 598 1490 (R.
617 1456 639 1489 1,
661 1455 723 1490 31.)

273 1508 323 1537 66.
356 1509 610 1546 Queseunque
632 1510 772 1539 Rornae
794 1510 980 1546 regnavis
992 1513 1087 1538 sent.
1135 1510 1210 1538 Cato
1240 1508 1396 1545 Originum
1416 1510 1442 1537 11
1468 1516 1517 1545 ap.
1540 1509 1658 1538 Charis.
1680 1510 1701 1543 1,
1723 1517 1753 1545 p.
1784 1509 1820 1538 91

236 1567 265 1590 ot
284 1564 350 1591 libri
373 1571 498 1592 numero
522 1571 582 1592 non
604 1565 709 1594 addito
730 1573 778 1601 ap.
800 1565 950 1594 Priscian.
972 1564 1047 1599 XIII,
1070 1564 1098 1599 3,
1123 1563 1168 1593 13.
1193 1563 1254 1599 (W.
1275 1563 1323 1593 36.
1346 1564 1389 1595 R..
1404 1560 1467 1602 34.)
1814 1605 1821 1609 .

222 1652 225 1656 .
275 1620 322 1647 67.
357 1620 395 1648 In
417 1619 478 1648 his
501 1621 651 1649 duobus
674 1621 792 1650 bellis
815 1621 958 1649 alteras
975 1619 1172 1655 stipendio
1189 1620 1349 1656 agrique
1364 1622 1475 1655 parte
1490 1620 1654 1653 multati,
1678 1620 1821 1649 alteras

238 1675 419 1710 oppidum
442 1676 478 1710 vi
501 1679 664 1711 captum,
688 1677 831 1705 alteras
854 1676 976 1712 primo
998 1676 1143 1711 pedatu
1171 1678 1208 1703 et
1234 1675 1422 1704 secundo.
1466 1674 1540 1703 Cato
1568 1682 1616 1711 ap.
1644 1674 1761 1704 Charis.
1788 1676 1822 1709 ΙΙ,

238 1738 266 1764 p.
290 1730 355 1758 215.
378 1731 440 1765 (W.
462 1731 510 1760 62.
537 1732 570 1759 R.
593 1732 654 1766 37.)

332 1817 373 1843 58)
393 1816 458 1839 Cod.
477 1817 574 1844 Dresd„
589 1821 646 1840 test.
664 1817 744 1840 Lione
763 1824 795 1839 ex
812 1818 836 1839 V
854 1817 993 1845 Originum.

333 1863 374 1891 59)
392 1863 474 1886 Deest
491 1863 563 1886 loeus
582 1863 608 1887 in
626 1864 702 1888 codd.
720 1864 857 1894 plerisque.

333 1910 373 1938 61)
394 1910 459 1934 eod.
476 1910 552 1934 Bern.
577 1914 776 1941 consequuntur-5
801 1911 868 1934 mele
890 1911 920 1934 ef.
944 1909 1057 1940 savigny
1079 1908 1229 1932 vermischte
1251 1908 1378 1934 Schriften
1401 1906 1421 1939 i,
1445 1915 1469 1940 p.
1488 1907 1535 1934 155
1552 1915 1589 1940 sq.
1608 1921 1639 1927 -·
1661 1909 1719 1940 vn,
1738 1910 1777 1940 1‘2,
1794 1908 1825 1934 60

243 1956 383 1981 Priscianus
404 1966 533 1981 numerum
554 1966 606 1981 non
628 1959 736 1987 addidit,
762 1960 809 1982 sed
830 1959 929 1981 scribit:
952 1956 1041 1981 idem
1068 1958 1101 1980 in
1123 1956 1239 1981 eodem
1261 1961 1285 1979 et
1309 1957 1368 1986 quie.
1389 1957 1518 1979 antecedit
1538 1958 1585 1986 frg.
1607 1957 1633 1979 11
1659 1957 1718 1978 libri
1739 1956 1822 1985 primi.

244 2003 317 2025 etiam
336 2004 375 2027 liic
392 2005 463 2028 locus
482 2006 515 2029 ad
532 2006 638 2036 primum
656 2005 745 2029 librum
762 2005 908 2029 referendus
926 2008 1002 2032 esset,
1021 2004 1070 2027 nisi
1087 2008 1154 2027 recte
1174 2004 1258 2033 priore
1277 2004 1335 2027 loco
1353 2011 1385 2026 ex
1396 2004 1506 2027 secundo
1523 2003 1588 2027 libro
1601 2010 1657 2026 esse
1674 2003 1738 2025 haec
1748 2004 1824 2027 verba

245 2051 312 2073 idem
329 2052 469 2076 Priscianus
487 2053 607 2077 traderet.

340 2098 379 2126 63)
397 2106 452 2123 eam
470 2101 526 2125 edd.
545 2104 605 2124 vett.

341 2145 383 2174 64)
401 2147 428 2169 Si
444 2148 503 2170 inde
520 2149 547 2170 in
563 2155 640 2170 naves
655 2159 686 2164 -
697 2154 791 2177 ponere
807 2148 835 2176 cj.
854 2146 929 2170 Roth.
949 2146 990 2176 (cf.
1005 2145 1069 2169 Cato
1080 2146 1111 2170 R.
1121 2146 1151 2170 R.
1162 2145 1195 2174 ⁷).
1216 2145 1298 2169 codd.
1317 2145 1339 2168 si
1351 2145 1411 2168 inde
1423 2145 1522 2176 ignavis
1533 2154 1566 2160 —
1577 2148 1666 2171 onere3
1683 2142 1781 2173 Popmu
1793 2144 1823 2174 cj.

247 2193 269 2213 is
286 2192 345 2214 inde
361 2193 388 2215 in
403 2200 486 2217 naves.
521 2195 599 2219 Salui.
618 2196 640 2217 is
658 2195 724 2218 endo
741 2200 826 2217 navem
860 2194 933 2222 Wag.
951 2196 1053 2215 cunctas
1073 2199 1151 2216 naves
1169 2195 1309 2215 commeatu
1329 2205 1361 2209 —
1384 2198 1502 2215 onerare:
1533 2189 1615 2213 Codd.
1632 2189 1742 2213 Pontmi
1758 2196 1823 2213 eom-

247 2242 330 2262 meatu
348 2246 458 2269 movere,
474 2239 574 2265 Palmer
590 2244 757 2266 commeatum
771 2240 877 2264 moinire
893 2239 1004 2264 volebat.
1038 2240 1108 2270 Lips.
1126 2240 1237 2264 nolebat.

343 2287 386 2317 67)
404 2287 434 2311 In
451 2288 524 2312 codd.
541 2288 644 2313 nonnul.
663 2288 766 2312 additur
782 2287 846 2311 Cato
866 2294 944 2311 senex
962 2287 989 2310 in
1005 2286 1167 2311 historiarum
1183 2287 1303 2310 seeundo.
1336 2285 1478 2315 Numquam
1496 2287 1628 2314 praeterea
1644 2290 1674 2307 ea
1690 2283 1821 2316 inscriptio
