1980 2649
1011 158 1051 188 24

95 268 237 286 „def
275 264 326 294 pp.
362 255 431 293 Qui
450 254 649 290 tantisper
669 253 769 283 nulli
790 254 847 283 rei
870 254 968 290 sies,
990 254 1076 284 dum
1097 252 1197 283 nihil
1218 257 1323 290 agas.
1357 253 1520 291 V1„7,‡36
1542 257 1573 284 et
1592 253 1825 289 ioemm·.16,82

236 314 339 343 Altero
360 313 431 341 loco
453 310 595 339 laudatur
614 309 766 346 originum
787 310 839 339 lib.
856 311 882 339 11
902 310 932 339 in
955 310 1036 345 edd„
1059 309 1116 339 sed
1139 310 1229 338 deest
1248 308 1278 337 in
1300 309 1397 340 codd.·
1417 310 1480 347 (W.
1499 311 1537 346 11,
1557 309 1607 341 58.
1628 310 1663 340 R.
1683 309 1719 345 11,
1739 308 1804 353 40.)

310 363 365 404 qq.
401 367 527 403 Speca
547 366 715 402 prosim,
737 373 813 402 quo
837 373 939 403 aqua
959 366 1071 395 devia
1091 366 1223 395 abiret.
1264 364 1315 399 VI,
1338 364 1455 400 14315.

274 423 320 452 Ex
339 422 478 452 Isidoro:
520 429 559 450 rr.
595 421 731 450 Malum
752 421 983 458 deligatum,
1005 423 1231 459 parastatae
1253 421 1416 450 vinctae.
1459 422 1564 461 origg.
1584 421 1661 458 XIX,
1683 421 1783 457 2,»11.

274 487 318 508 ss.
341 461 408 508 tTu
436 478 468 506 si
498 484 627 505 verum
655 477 889 513 supprimis,
919 477 1105 506 falsarius
1135 476 1384 514 agnosceris,
1413 477 1448 506 si
1478 477 1585 508 falsa
1611 475 1823 515 confingis.

236 535 395 563 mendax
418 540 510 562 esse
531 531 696 561 videris.
740 533 780 561 de
801 532 952 561 different.
974 540 1004 560 n.
1025 532 1093 561 220.

620 616 674 665 ³·.
704 618 814 650 Loci
833 618 956 651 falso
979 618 1238 657 originibus
1258 618 1435 661 inserti.

332 699 399 727 Non
422 705 462 727 ea
481 697 543 726 hoc
564 698 636 726 loco
659 697 806 733 colligere
827 697 857 726 in
879 699 980 726 animo
1003 697 1074 726 mihi
1096 700 1159 732 est,
1187 705 1267 734 quae
1288 697 1399 727 mediis
1427 698 1604 735 fragmentis
1631 697 1708 726 mira
1726 701 1825 728 teme·
1859 708 1861 710 ·

237 755 323 783 ritate
335 753 491 782 inculcata
499 755 579 787 sunt,
590 752 686 782 veluti
699 752 785 782 Serv.
793 753 871 781 Aen.
880 753 1009 787 V11,678
1022 756 1074 782 aut
1084 753 1133 794 ΙΧ3
1142 752 1202 782 603
1214 760 1263 789 ap.
1276 753 1403 782 Lionem
1417 760 1447 789 p.
1455 753 1505 788 34,
1521 753 1580 783 sed
1593 760 1640 788 ea,
1655 760 1736 789 quae
1746 753 1826 783 falsa

238 813 291 840 aut
311 809 528 839 emendatione
549 810 602 837 aut
621 808 870 844 interpretatione
892 811 924 837 et
944 809 1122 838 credulitate
1143 807 1299 838 hominum
1321 808 1497 845 Originibus
1519 812 1592 838 sunt
1611 809 1777 844 adscripta.
1846 796 1853 804 ⁸

276 864 413 895 Libro
433 863 472 894 1.
513 872 542 892 α.
571 884 797 892 ...........
819 863 907 899 dicit,
934 864 1072 894 Latinum
1100 871 1139 893 ex
1159 863 1247 893 Ulixe
1270 867 1301 893 et
1321 863 1409 894 Circe
1429 864 1543 904 editum
1566 864 1606 894 de
1626 860 1750 894 nomine
1771 872 1825 895 so-

238 922 316 951 roris
345 928 422 949 suae
449 922 587 948 mortuae
614 920 733 948 Romen
760 919 914 948 civitatem
940 922 1141 962 appellasse*
1178 921 1264 949 Serv.
1290 922 1368 949 Aen.
1396 922 1422 955 l,
1451 920 1519 949 273.
1547 920 1680 955 (xi-ause
1705 928 1735 957 p.
1762 920 1825 957 99.)

236 978 391 1007 Lacunam
419 975 513 1005 codd.
539 975 617 1005 satis
645 975 739 1005 stulte
759 976 863 1011 explet
882 976 1035 1006 Burmann
1061 974 1141 1006 Cato
1167 976 1200 1005 in
1227 975 1412 1016 originibus.
1453 977 1615 1012 Repugnat
1634 976 1715 1005 enim
1735 977 1824 1005 locus

239 1032 331 1062 certis
353 1031 421 1061 libri
442 1031 455 1060 I
474 1030 662 1067 fragmentis.
1392 1028 1395 1029 ⁷
1575 1068 1585 1073 ,-

278 1088 307 1126 β.
340 1088 433 1117 Suem
459 1087 584 1122 triginta
609 1086 758 1122 porculos
785 1086 949 1122 peperisse
976 1086 1006 1114 in
1036 1094 1073 1116 eo
1102 1088 1184 1121 loco,
1223 1088 1277 1117 ubi
1304 1095 1385 1117 nunc
1404 1086 1665 1124 ,es-sLavinium3
1694 1095 1826 1125 cumque

239 1147 365 1173 Aeneas
386 1143 428 1171 ibi
447 1143 556 1170 urbem
572 1141 707 1169 condere
728 1142 941 1170 constituisset
954 1145 1143 1178 propterque
1164 1143 1228 1179 agri
1242 1143 1430 1172 sterilitatem
1443 1128 1601 1177 metueret,
1622 1131 1680 1180 per
1692 1143 1826 1180 quietem

240 1201 269 1228 ei
293 1199 382 1228 visae
402 1199 536 1227 Deorum
557 1196 716 1225 Penatium
744 1197 907 1225 simulacra
929 1196 1168 1232 adhortantium,
1191 1200 1230 1227 ⁴ut
1256 1200 1468 1235 perseveraret
1491 1198 1522 1227 in
1550 1198 1714 1227 condenda
1739 1199 1824 1233 urbe,

238 1262 331 1291 quam
353 1256 515 1289 coeperat;
543 1260 614 1280 nam
635 1255 710 1288 post
729 1260 827 1280 annos
848 1253 991 1286 totidem,
1022 1256 1098 1289 quot
1128 1254 1230 1282 foetus
1263 1253 1344 1282 illius
1372 1253 1438 1282 suis
1466 1255 1588 1288 essent,
1618 1253 1768 1290 Trojanos
1794 1254 1825 1283 in

237 1311 309 1339 loca
329 1309 439 1338 fertilia
460 1312 553 1344 atque
574 1308 749 1337 uberiorem
771 1315 877 1342 agrum
898 1308 1165 1343 transmigratur-os
1188 1312 1219 1336 et
1237 1309 1344 1337 urbem
1365 1308 1677 1337 clarissimi·nominis
1699 1309 1728 1337 in
1741 1309 1826 1338 Italia

239 1364 429 1395 condituros.
451 1369 493 1384 —‘
513 1363 609 1400 Igitur
627 1362 777 1398 Latinum,
798 1362 999 1404 Apol-iginum
1019 1370 1132 1399 regem,
1155 1364 1247 1400 quum
1268 1364 1297 1393 ei
1312 1367 1398 1394 esset
1411 1364 1587 1399 nuntiatum,
1605 1364 1824 1394 multitudinem

237 1422 426 1449 advenarum
447 1420 552 1447 classe
574 1419 737 1446 advectam
760 1425 939 1454 occupasse
962 1422 1065 1453 agrum
1086 1419 1281 1453 Laurentem,
1303 1419 1468 1447 adversum
1490 1419 1611 1448 subitos
1633 1419 1825 1456 inopinatos-

239 1485 300 1513 que
321 1476 432 1504 hostes
455 1476 669 1503 incunctanter
689 1481 764 1502 suas
793 1474 902 1509 copias
931 1474 1094 1508 eduxisse,
1121 1482 1157 1502 ac
1186 1474 1365 1510 priusquam
1392 1475 1511 1510 signum
1539 1474 1703 1503 dimicandi
1729 1476 1824 1509 daret,

239 1530 497 1562 animadvertisse
512 1529 663 1565 Trojanos
676 1529 843 1558 militariter
862 1529 1040 1563 instructos,
1063 1537 1154 1565 quum
1177 1530 1224 1558 sui
1245 1529 1400 1565 lapidibus
1422 1535 1467 1559 ac·
1480 1530 1611 1559 sudibus
1633 1530 1747 1565 armati,
1762 1533 1825 1560 tum

238 1588 330 1616 etiam
352 1588 441 1614 veste
464 1588 516 1613 aut
535 1584 681 1621 pellibus,
704 1592 784 1621 quac
807 1585 857 1614 eis>
874 1584 1081 1621 integumenta
1103 1587 1197 1620 erant,
1219 1584 1350 1614 sinistris
1366 1585 1507 1615 manibus
1527 1585 1674 1616 involutis
1694 1593 1824 1622 proces-

239 1644 367 1672 sissent.
409 1642 515 1676 ltaque
538 1648 697 1676 suspenso
726 1641 891 1669 certamine
913 1648 969 1676 per
990 1641 1177 1676 colloquium
1199 1640 1360 1676 inquisito,
1383 1641 1434 1677 qui
1456 1644 1579 1676 essent,
1601 1635 1825 1678 quid‘v'e'iiete-

238 1702 321 1733 rcnt,
351 1698 471 1733 (utpote
499 1696 550 1732 qui
576 1696 605 1723 in
632 1695 693 1725 hoc
723 1696 885 1724 eonsilium
914 1682 1092 1724 auctoritate
1119 1696 1273 1724 numinum
1301 1697 1485 1733 cogebatur3
1515 1704 1647 1732 namque
1677 1697 1756 1725 extis
1788 1704 1825 1729 ac

239 1755 366 1784 somniis
389 1760 487 1788 saepe
517 1752 691 1780 admonitus
721 1754 802 1785 crat,
824 1752 964 1780 tutiorem
987 1760 1022 1779 se
1044 1752 1197 1780 adversus
1219 1751 1329 1780 hostes
1351 1753 1430 1787 fore,
1458 1753 1486 1782 si
1513 1753 1621 1789 copias
1648 1761 1723 1781 suas
1755 1747 1823 1780 cum

238 1809 366 1838 advenis
390 1806 619 1843 conjunxisset)
649 1813 805 1842 quumque
835 1806 1044 1842 cognovisset,
1066 1808 1202 1834 Aeneam
1225 1809 1256 1834 et
1281 1806 1450 1836 Anchisem
1479 1808 1561 1836 bello
1590 1808 1688 1843 patria
1714 1808 1823 1843 pulsos

238 1873 306 1892 cum
328 1854 503 1892 simulacris
526 1863 653 1890 deorum
675 1865 815 1890 errantes
833 1863 941 1894 sedem
964 1869 1120 1897 quaerere,
1143 1862 1305 1889 amicitiam
1321 1862 1445 1891 foedere
1460 1863 1577 1896 iniisse,
1601 1863 1671 1890 dato
1693 1862 1824 1889 invicem

235 1920 301 1955 jure
320 1918 470 1955 jurando,
498 1920 532 1946 ut
558 1924 736 1946 communes
760 1925 884 1954 quoque
905 1917 1015 1948 hostes
1034 1918 1193 1946 amicosve
1214 1916 1372 1946 haberent.
1414 1919 1520 1955 ltaque
1543 1921 1685 1954 coeptum
1708 1925 1727 1945 a
1747 1917 1824 1945 Tro-

237 1975 315 2011 janis
338 1974 445 2003 muniri
465 1975 579 2008 locum,
603 1980 692 2009 quem
713 1975 836 2003 Aeneas
860 1981 898 2002 ex
920 1973 1041 2003 nominc
1063 1973 1174 2002 uxoris
1192 1981 1284 2008 suae,
1313 1973 1410 2002 Latini
1436 1974 1519 2011 regis
1540 1973 1636 2009 filiae,
1663 1979 1743 2009 quae
1760 1971 1824 2008 ,iam

241 2033 309 2057 ante
331 2031 523 2066 desponsata
538 2030 641 2057 Turno
655 2029 808 2057 Herdonio
831 2030 937 2064 sucrat,
958 2029 1114 2057 Lavinium
1135 2029 1370 2065 cognominavit.
1405 2030 1448 2058 At
1467 2017 1542 2059 vero
1556 2031 1707 2063 Amatam,
1728 2028 1830 2057 Latini*
1850 2031 1857 2035 “

240 2087 321 2120 regis
343 2095 477 2121 uxorem,
501 2082 747 2141 qundignc.
763 2087 860 2123 ferret,
882 2086 1052 2119 Laviniam,
1063 2086 1229 2122 repudiato
1251 2086 1353 2116 Turno
1375 2087 1564 2115 consobrino
1586 2093 1661 2118 suo,
1676 2079 1823 2120 'Trojano

240 2141 378 2170 advenae
400 2133 591 2177 collocatam,
607 2133 749 2185 :T'i'irnnm
770 2141 810 2170 ad
831 2135 915 2180 arma
928 2142 1104 2173 concitasse
1120 2149 1252 2178 eumque
1267 2150 1339 2171 mox
1356 2146 1467 2172 coacto
1480 2138 1663 2172 Rutulorum
1685 2140 1823 2170 exercitu

239 2196 411 2225 tetendisse
432 2197 460 2225 in
475 2184 790 2242 agrumrL'aurentem
813 2200 843 2225 et
863 2198 1014 2236 adversus
1036 2206 1104 2227 eum
1124 2198 1262 2227 Latinum
1283 2198 1397 2235 pariter
1418 2206 1487 2228 cum
1502 2198 1609 2227 Aenea
1622 2203 1822 2234 progressum
1864 2217 1869 2220 »

239 2253 317 2279 inter
339 2253 520 2287 proeliantes
543 2238 784 2282 circumventum
808 2251 1018 2290 occisumqucl
1061 2254 1136 2283 Cato
1158 2254 1187 2283 in
1204 2254 1320 2291 origine
1336 2253 1458 2290 generis
1473 2252 1601 2282 Romani
1612 2259 1665 2289 ap.
1680 2251 1823 2281 Pseudo-

238 2309 394 2335 Victorem
418 2309 497 2343 orig.
521 2313 597 2343 gent.
621 2311 706 2338 Rom.
732 2309 778 2343 12,
800 2309 909 2343 5—13,
927 2309 960 2338 6.
984 2310 1028 2344 (R.
1045 2311 1065 2344 1,
1085 2309 1144 2344 15.)
1180 2310 1330 2343 Nolumus
1352 2308 1382 2337 h.
1398 2309 1418 2337 l.
1442 2308 1655 2344 quaestionem
1677 2306 1822 2344 expedire
