1980 2649
973 161 993 191 4

174 258 296 295 Nepos,
319 257 522 294 spectandum
538 262 612 285 esse
628 258 780 285 censeret.
821 256 867 286 De
889 256 1019 287 consilio
1035 256 1169 293 quidem,
1193 264 1256 294 quo
1270 257 1398 295 scripsit
1412 257 1650 294 catooxigines,
1672 263 1774 300 επακ

175 315 300 349 poterat
319 313 424 347 Nepos
448 313 479 339 et
498 317 532 339 re
554 317 628 339 vera
649 317 773 349 errasse
794 310 930 348 videtur,
957 311 997 341 de
1024 317 1145 341 summa
1163 317 1265 342 rerum
1286 319 1349 344 non
1374 313 1474 346 item,
1497 312 1640 344 Pluribus
1666 306 1772 342 veniis

179 376 241 397 rem
264 367 543 402 comprobabimus,
565 367 618 395 ubi
640 366 678 394 de
695 360 896 394 dictatoribus
913 365 1209 403 carthaginiensium
1230 366 1448 398 dissei-cunis.⁴
1474 368 1652 400 sed-multo
1673 365 1771 404 magis

179 422 455 459 reprehendendus
479 422 613 456 videtur,
645 421 730 457 quod
753 428 847 457 quum
868 421 1038 451 subscribit
1058 422 1230 451 sententiae
1257 429 1381 458 eorum,
1408 423 1462 459 qul
1488 430 1541 453 m
1568 423 1772 454 Romanorum

172 486 233 515 per
254 481 352 507 toturn
376 485 456 514 opus
477 479 675 514 persecutum
696 483 771 505 esse
793 478 900 512 putant
921 475 1077 511 Catonem,
1100 479 1152 506 aut
1172 480 1287 515 quanta
1307 477 1338 507 in
1366 477 1492 512 dumeta
1521 478 1771 516 compelleretur,

175 534 304 567 reticuit,
327 529 410 569 quod
433 533 462 560 in
485 532 668 568 explicando
684 531 853 567 fragmento
867 531 904 558 51
923 527 1214 568 demonstrabimus,
1236 536 1289 562 aut
1302 535 1409 563 contra
1428 532 1574 564 librorum
1588 534 1772 571 optimorum

178 590 388 617 auctoritatem
410 589 644 623 fragmentorum
666 586 776 614 sedem
796 593 854 613 suo
876 585 971 613 Marte
998 587 1125 614 mutavit
1150 586 1219 624 (frg.
1241 587 1305 623 69).
1345 588 1449 617 Facile
1475 588 1688 624 concedimus,
1708 595 1772 625 qua

177 645 347 673 constantia
369 644 423 671 suit
444 643 533 676 Cato,
559 649 620 670 non
641 644 758 670 temere
780 648 849 668 eum
870 639 901 668 in
925 641 1026 670 medio
1049 649 1145 677 opere
1173 642 1337 678 eonsilium
1365 645 1520 677 mutasse,
1547 643 1580 671 id
1606 644 1691 680 quod
1719 644 1770 673 alii

176 699 408 731 contenderunt,
431 698 488 726 sed
512 696 722 733 quaerendum
745 698 801 729 est,
826 696 917 732 quale
939 695 1038 725 fuisse
1059 697 1228 732 putandum
1250 696 1290 726 sit
1311 697 1475 727 consilium
1496 697 1638 733 catonis,
1659 701 1694 728 ut
1710 705 1769 728 nec

174 754 309 789 reliquiis
333 757 384 781 aut
413 753 575 781 summario
597 752 727 788 Nepotis
755 758 811 779 nec
841 751 1022 780 notissimae
1049 751 1174 781 catonis
1204 751 1397 781 constantiae
1425 756 1584 790 repugnet.
1626 752 1768 783 ceterum

174 813 289 837 tantum
312 810 410 842 abest,
433 812 465 836 ut
487 809 588 836 debita
609 808 701 835 laude
723 808 894 834 fraudatum
916 808 1007 834 velim
1027 808 1126 835 virum
1146 808 1287 842 doctum,
1310 810 1344 836 ut
1363 808 1475 837 melius
1497 808 1537 837 de
1559 808 1684 839 catonis
1706 809 1767 838 ori-

175 865 292 899 ginibus
324 864 466 899 profitear
495 859 633 891 meritum
670 870 742 891 esse
776 862 937 890 neminem.
989 863 1035 892 10.
1077 863 1237 891 Postremo
1273 863 1429 899 Originum
1460 864 1606 900 reliquias
1642 864 1767 900 collegit

173 920 300 948 Carolus
315 919 492 948 Ludovieus
509 917 629 953 Roth.*)
671 919 823 946 Aecurata
845 918 969 954 quidem
992 921 1040 947 est
1061 926 1098 947 ea
1120 918 1273 952 collectio,
1295 919 1348 947 vix
1368 921 1401 947 ut
1422 919 1590 955 quidquam
1611 925 1651 947 ex
1673 919 1765 948 certis

173 976 325 1010 Originum
347 974 484 1010 reliquiis
508 974 681 1007 desideres,
704 974 761 1002 sed
781 973 821 1001 ita
844 974 1089 1010 compendiaria,
1116 976 1150 1002 ut
1175 980 1214 1002 ne
1241 974 1336 1003 libros
1359 974 1483 1010 quidem
1512 974 1589 1003 satis
1620 974 1764 1003 distincte

173 1030 388 1066 designaverit.
429 1030 559 1058 Videtur
593 1031 762 1064 fragmenta
792 1037 830 1057 cx
859 1030 1025 1059 summario
1053 1030 1182 1066 Nepotis
1208 1029 1417 1066 disposuisse.
1469 1029 1546 1066 Quid
1573 1030 1603 1058 in
1634 1030 1764 1067 singulis

173 1088 360 1121 singulorum
383 1086 528 1113 librorum
556 1085 731 1119 fragmentis
761 1086 953 1112 collocandis
980 1085 1182 1120 spectaverit,
1212 1093 1272 1113 non
1301 1086 1416 1122 ubique
1444 1088 1587 1121 apparet,
1617 1092 1686 1113 nam
1714 1092 1764 1114 ra-

173 1143 293 1170 rissime
330 1142 538 1169 tantummodo
574 1142 601 1168 in
636 1142 728 1169 rebus
762 1141 812 1168 vel
846 1141 976 1168 maxime
999 1141 1099 1168 dubiis
1123 1144 1215 1176 atque
1245 1141 1388 1170 obscuris
1411 1141 1529 1169 addidit
1554 1140 1762 1169 testimonium

174 1199 250 1225 tilius
275 1198 444 1232 scriptoris,
469 1200 499 1223 ut
520 1197 676 1230 iudicaret,
700 1204 789 1231 quam
812 1203 875 1223 rcm
898 1196 1100 1231 significatam
1124 1203 1196 1224 esse
1219 1199 1347 1231 putaret.
1395 1196 1695 1224 Promiseueetiam
1728 1202 1764 1223 ea

174 1253 287 1286 posuit,
317 1260 394 1286 quae
424 1252 481 1285 ipsi
512 1255 659 1286 suspecta
688 1251 868 1278 videbantur
895 1253 924 1277 et
952 1258 1031 1285 quae
1059 1253 1142 1277 certe
1171 1251 1209 1279 ud
1232 1251 1372 1286 Origines
1400 1251 1504 1278 referri
1533 1258 1592 1278 non
1616 1253 1760 1286 possunt,

175 1307 264 1334 veluti
290 1307 387 1333 lucete
410 1307 483 1333 illud
508 1307 619 1333 ‹lit-tum
639 1306 671 1332 ‘cl
695 1304 727 1333 in
751 1304 848 1334 ΙιαΙὶιι
870 1308 960 1333 etms
983 1312 1101 1342 capras
1117 1304 1199 1333 lactc
1213 1304 1317 1334 album
1335 1303 1452 1335 habere
1474 1313 1522 1342 up.
1546 1304 1664 1335 Charis.
1687 1305 1708 1339 l,
1732 1312 1760 1341 p.

178 1364 229 1390 102
251 1363 325 1390 Keil.
361 1363 499 1389 Ceterum
517 1371 554 1390 uc
577 1364 645 1397 quis
662 1363 794 1390 numeris
812 1362 979 1394 Rotliianis,
1003 1369 1082 1395 quos
1101 1362 1175 1388 infra
1197 1362 1372 1396 fragmentis
1396 1362 1560 1396 adscripsi,
1583 1361 1762 1396 decipiatur,

175 1418 303 1445 munitos
327 1418 415 1444 velim
432 1426 498 1447 eos,
522 1418 571 1451 qni
595 1417 671 1444 liucc
689 1418 799 1451 legent,
817 1417 949 1444 numeris
972 1417 1047 1444 l——3
1071 1417 1218 1443 contineri
1237 1417 1355 1450 judicia
1369 1420 1506 1443 veterum
1522 1417 1560 1443 de
1577 1416 1762 1450 Originibus,

176 1480 298 1500 minicio
322 1473 339 1499 *1
364 1479 469 1499 omncs·
495 1472 690 1505 praelationis
714 1472 869 1506 reliquias.

273 1527 317 1553 11.
355 1528 450 1560 Quum
479 1526 567 1560 igitur
596 1526 831 1561 haudquaquam
860 1533 922 1554 rem
945 1525 983 1552 ad
1006 1524 1094 1552 smem
1124 1525 1301 1560 perductam
1327 1532 1400 1554 esse
1422 1528 1568 1561 putarem,
1598 1528 1762 1553 retractare

178 1591 244 1609 eum
267 1582 420 1613 constitui,
445 1589 502 1607 uon
527 1582 609 1616 quod
633 1582 846 1616 quaestionem
863 1581 1016 1609 dil'licilcm
1033 1587 1080 1607 me
1099 1580 1310 1615 expediturum
1333 1588 1499 1616 sperarem,
1523 1581 1580 1609 sed
1602 1583 1635 1609 ut
1656 1581 1764 1609 docto·
1812 1577 1816 1581 “

179 1647 241 1665 rum
264 1637 422 1664 hominum
445 1637 544 1664 studia
567 1638 726 1664 iterumad
744 1637 946 1664 clarissimum
964 1635 1125 1663 clarissimi
1141 1636 1299 1671 scriptoris
1323 1645 1402 1672 opus
1427 1640 1647 1665 converterem.
1690 1637 1764 1665 Pro-

181 1701 289 1727 ponam
313 1696 413 1720 autem
437 1693 564 1726 primum
592 1693 676 1727 ipsus
708 1693 862 1728 reliquias,
891 1691 1000 1718 deinde
1030 1691 1225 1718 summarium
1250 1692 1379 1720 Cornelii
1400 1693 1528 1728 Nepotis
1551 1693 1764 1728 interpretatus

180 1749 314 1776 ordinem
338 1748 506 1775 institutum
531 1749 688 1775 delendam
719 1749 943 1783 consiliumque
973 1747 1095 1774 Catonis·
1123 1748 1149 1773 in
1181 1747 1227 1773 liis
1258 1748 1342 1775 libris
1372 1749 1544 1775 scribendis
1575 1749 1665 1782 quale
1693 1746 1766 1774 milii

180 1803 326 1837 videatur,
357 1803 536 1838 explicab03
570 1806 630 1831 tum
659 1804 696 1832 de
731 1803 929 1838 inscriptione
958 1802 1059 1837 operis
1084 1802 1250 1835 disseram,
1280 1806 1434 1837 postremo
1463 1812 1562 1838 pauca
1589 1803 1700 1831 addam
1728 1804 1765 1830 de

183 1859 312 1886 sontibus
337 1860 428 1893 atque
452 1858 628 1885 auctoritate
652 1858 774 1887 Catonis
798 1861 826 1886 ct
849 1858 886 1886 de
909 1857 1024 1886 Statilio
1048 1857 1187 1885 Maximo.
1592 1873 1608 1892 3

944 1944 1011 1992 II.
1560 1905 1576 1922 ο

280 2040 324 2066 Ac
349 2038 474 2073 primum
493 2038 614 2073 quidem
631 2038 716 2073 ipsae
733 2029 1046 2075 Originum'reliquiae
1070 2040 1098 2067 in
1120 2047 1189 2067 eum
1213 2039 1349 2067 ordinem
1372 2041 1443 2068 sunt
1456 2039 1653 2074 redigendae,
1677 2047 1766 2074 quem

184 2095 258 2123 Cato
282 2096 408 2122 secutus
431 2102 502 2122 esse
527 2094 652 2122 videtur.
694 2096 793 2131 Atque
816 2098 920 2124 utuno
938 2096 1087 2132 adspectu
1103 2098 1198 2124 totum
1215 2095 1320 2124 liceret
1334 2095 1496 2124 aestimare
1511 2102 1601 2131 opus,
1623 2094 1766 2128 rationes,

185 2151 297 2185 quilius
321 2151 359 2176 ad
381 2150 459 2176 hune
483 2151 678 2184 potissimum
701 2151 835 2178 ordinem
857 2151 1074 2179 instituendum
1098 2151 1250 2179 adductus
1274 2158 1356 2186 sum,
1379 2151 1513 2187 integras
1537 2150 1575 2178 ad
1597 2150 1766 2186 insequens

282 2259 305 2288 ·)
322 2258 509 2281 Historicorum
526 2262 636 2282 veterum
652 2257 822 2283 Romanorum
839 2259 961 2290 reliquiae
979 2267 994 2283 a
1011 2259 1069 2285 Car.
1088 2260 1151 2284 Lud.
1170 2259 1238 2284 Roth
1256 2260 1381 2284 collectae
1398 2263 1423 2284 et
1442 2260 1591 2291 dispositae.
1626 2259 1767 2290 Adjunctae

184 2307 292 2332 Salustii
309 2306 437 2336 operibuS,
456 2313 519 2335 qnae
538 2307 612 2329 tertio
631 2306 712 2329 edidit
729 2306 769 2330 Fr.
786 2307 849 2330 Dor.
868 2307 977 2330 Gerlach
1009 2308 1122 2331 Basilice
1140 2308 1210 2333 1853.
