1980 2649
960 170 1005 204 ⁴47

204 271 319 307 quante
336 267 612 307 approbationem>
627 267 777 305 omnihus,
798 268 851 307 qul
870 276 1004 308 unquam
1023 276 1076 301 res
1095 268 1249 300 Romanas
1269 267 1470 307 seripserunt.
1489 264 1655 304 exceptum
1674 268 1768 303 θνα,

201 327 280 363 quot
296 324 440 355 laudibus
460 323 634 362 putabimus
655 332 729 355 esso
749 325 881 356 clauim?
919 325 1014 364 Atqui
1033 333 1124 356 nemo
1144 325 1208 356 iere
1229 324 1345 356 catone
1365 326 1491 355 auctore
1510 329 1589 354 usus
1615 324 1680 359 cst,
1705 320 1768 352 nisi

202 381 476 419 quodnionysius
496 380 658 418 quinquies
684 382 724 412 de
744 383 957 419 antiquissima
981 381 1088 412 ltaliae
1106 382 1235 410 historia
1253 383 1410 420 rebusque
1435 387 1541 417 regum
1560 380 1768 409 minutiorum

202 437 294 475 qnasi
313 436 441 468 honoris
467 444 562 467 eausa
586 445 655 467 eum
674 435 787 467 laudat.
827 438 959 468 Honoris
987 446 1084 468 causa
1108 438 1199 467 etiam
1224 438 1334 473 Georg.
1362 438 1527 475 syncellus
1552 436 1765 472 pedissequus

201 492 345 532 Dionysii
364 495 397 523 et
414 492 547 523 Joannes
566 492 683 531 Lydus.
706 492 795 531 (irgg.
816 493 855 524 28
870 497 901 523 et
912 493 976 531 29.)
1015 495 1091 524 Nam
1111 494 1196 531 quod
1215 494 1321 531 Lydus
1342 494 1511 523 Varronem
1531 492 1571 521 de
1591 492 1669 521 urbe
1689 493 1766 519 con-

202 549 267 579 dita
287 548 486 579 consensisse
507 549 580 578 dicit
593 556 661 579 cum
676 549 801 585 Catone,
822 550 951 579 maxime
963 553 1111 588 suspecta
1124 550 1245 579 videtur
1258 549 1403 585 societas,
1425 548 1539 586 quippe
1553 546 1767 583 discrepuisse

200 604 282 634 inter
300 611 338 634 se
359 605 398 633 de
417 612 496 634 anno
517 605 608 635 urbis·
625 605 766 635 conditae
785 606 954 636 Varronem
974 609 1005 635 et
1025 605 1169 636 Catonem
1188 606 1239 634 vel
1259 605 1363 642 pueris
1383 607 1487 634 notum
1508 606 1566 633 est.
1606 602 1672 631 Jam
1693 601 1765 631 vide

201 658 367 689 indiculum
396 659 610 690 historicorum
635 661 853 695 Romanorum.
885 661 937 698 qui
964 661 1136 698 Originibus
1163 661 1337 691 catonianis
1362 660 1413 689 usi
1433 662 1520 689 sunt:
1553 658 1658 688 Livius
1686 657 1765 686 salso

202 716 306 745 laudat
325 716 465 753 Origines
485 716 616 751 XXXIV,
636 716 655 745 5
683 716 751 753 (li-g.
765 716 828 753 31),
854 714 916 746 non
936 717 1096 747 addidisse
1115 717 1207 746 tradit
1227 703 1371 746 Catonem
1391 708 1507 753 (utrum'
1528 715 1558 744 in
1580 713 1765 751 Originibus,

202 780 241 801 an
261 772 292 801 in
312 772 416 808 aliqua
436 779 475 800 ex
496 772 693 807 orationibus,
714 776 798 801 recte
818 773 963 801 incertum
984 780 1058 802 esse
1079 773 1152 801 dicit
1169 772 1344 801 Lachmann
1365 772 1404 800 de
1431 771 1503 800 font.
1529 771 1593 800 Liv.
1607 771 1643 806 11,
1664 778 1695 807 p.
1713 768 1763 804 17)

200 835 359 856 numerum
400 835 561 856 caesorum
600 828 630 856 in
677 836 781 863 pugna
820 836 856 857 se
888 829 957 863 ipso
1002 829 1080 856 duee
1126 829 1293 856 commissa
1333 827 1486 863 hostium;
1531 826 1640 863 Vellej.
1674 826 1709 860 11,
1746 825 1765 853 7

202 881 269 919 (irg.
306 881 356 919 70)
397 883 436 912 de
477 883 600 920 Capuae
639 884 771 926 origine.
793 891 830 913 se
870 892 931 913 non
972 884 1103 920 probare
1145 884 1177 912 id
1216 884 1300 919 quod
1337 883 1504 911 tradiderat
1545 882 1637 916 Cato,
1680 888 1764 920 paee

202 936 388 979 dili-acuties
407 935 536 969 Catonis
556 939 727 976 profitetur;
749 940 872 969 Solinus
893 939 921 975 2,
943 939 962 969 8
983 939 1049 976 (lrg.
1071 939 1121 975 57)
1146 941 1255 969 testem
1276 940 1380 968 laudat
1400 938 1545 968 Catonem
1576 939 1615 967 de
1642 937 1763 966 Tiburis

202 994 374 1025 conditore.
414 995 505 1024 Adde
527 1002 566 1024 ex
586 994 712 1031 perditis
736 994 871 1024 Coelium
890 996 1078 1032 Antipatrum
1100 994 1166 1032 (lrg.
1188 994 1238 1031 96)
1261 995 1429 1023 secundum
1452 993 1585 1023 Macrob.
1606 993 1669 1023 Sat.
1691 993 1713 1028 1,
1734 993 1764 1026 4,

200 1050 240 1080 26
261 1053 292 1080 et
312 1050 454 1081 Cassium
473 1050 640 1087 Heminam,
668 1052 749 1088 apud
771 1059 861 1088 quem
886 1052 996 1082 iisdem
1016 1052 1078 1081 fere
1099 1052 1200 1081 verbis
1221 1054 1270 1081 est
1289 1052 1343 1087 frg.
1366 1050 1405 1081 58
1425 1053 1505 1080 teste
1524 1050 1681 1079 Prisciano
1703 1050 1722 1078 1.
1744 1049 1763 1078 l.

202 1107 326 1142 Septem
347 1107 437 1143 igitur
457 1110 528 1136 sunt
547 1107 617 1142 loci,
639 1115 708 1136 nam
730 1115 810 1144 quae
830 1108 869 1137 de
890 1108 1032 1137 Sallustio
1054 1108 1182 1142 tradunt,
1205 1109 1347 1144 spectant
1366 1107 1405 1136 ad
1428 1106 1550 1136 dicendi
1572 1102 1762 1143 genus,‘non

202 1163 242 1192 ad
262 1162 349 1199 ipsas
370 1171 430 1191 res.
454 1162 585 1199 (Quintil.
607 1164 682 1198 VIII,
704 1163 732 1198 3,
753 1163 801 1198 29.
823 1165 947 1194 Sueton.
969 1164 1073 1194 octav.
1095 1163 1142 1198 86,
1166 1164 1204 1192 de
1224 1164 1331 1192 illustr.
1349 1171 1471 1200 gramm.
1488 1163 1525 1192 10
1539 1165 1570 1190 et
1585 1158 1645 1200 15.)
1681 1162 1764 1198 Quae

200 1221 360 1255 praeterea
384 1219 434 1247 alii
459 1219 607 1255 suspicati
633 1222 717 1254 sunt,
749 1220 808 1256 ipsi
834 1220 963 1249 viderint
993 1220 1146 1256 quomodo
1174 1219 1366 1255 comprobari
1391 1219 1530 1255 possint;
1557 1221 1662 1247 nostra
1689 1216 1763 1246 nihil

201 1275 327 1303 interest
339 1282 392 1302 eas
409 1274 567 1309 opiniones
583 1275 730 1303 affirmare
745 1278 795 1302 aut
807 1276 953 1303 refellere.
992 1274 1020 1303 3.
1042 1275 1128 1311 Quod
1150 1275 1201 1311 qui
1215 1275 1326 1302 factum
1341 1274 1389 1309 sit,
1409 1276 1442 1302 ut
1461 1274 1491 1302 in
1506 1281 1624 1303 summa
1639 1272 1762 1302 Catonis

200 1329 338 1359 historici
360 1330 538 1358 auctoritate
560 1330 675 1365 septies
704 1331 785 1365 apud
806 1330 970 1359 historicos
991 1332 1146 1359 Romanos
1172 1331 1224 1358 fiat
1244 1331 1396 1366 Originum
1417 1330 1544 1363 mentio,
1573 1330 1624 1365 qui
1650 1330 1762 1357 sactum

201 1385 250 1420 sit,
271 1388 304 1415 ut
316 1385 482 1422 Dionysius
504 1381 559 1414 τὸν
572 1381 691 1423 ἐπιμελῆ
705 1382 869 1423 γενόμενον
881 1385 907 1415 εἰ
926 1385 978 1415 καί
996 1395 1065 1415 τινα
1086 1382 1182 1414 ἄλλον
1201 1385 1243 1419 εἰς
1262 1383 1318 1423 τὴν
1331 1381 1514 1423 συναγωγὴν
1532 1385 1586 1422 τῆς
1605 1382 1764 1423 ἀρχαιολο-

199 1437 351 1480 γουμένης
370 1439 503 1479 ἱστορίας
522 1442 552 1470 in
573 1441 620 1476 iis,
644 1449 722 1478 quae
743 1445 815 1478 post
834 1450 924 1478 reges
947 1445 1072 1472 exactos
1095 1445 1207 1477 narrat,
1234 1443 1324 1478 plane
1345 1442 1525 1478 neglexerit,
1553 1449 1642 1470 nemo
1664 1441 1762 1477 expli—

202 1505 272 1526 care
292 1500 419 1527 conatus
442 1501 498 1532 est,
521 1498 578 1527 nisi
594 1498 675 1534 quod
690 1498 805 1527 Livium
826 1506 892 1527 cum
906 1497 950 1528 ad
968 1506 1021 1528 res
1038 1496 1221 1528 scribendas
1240 1496 1470 1538 aggrederetur
1488 1506 1551 1528 uon
1570 1497 1618 1527 ita
1637 1495 1763 1527 novisse

201 1552 348 1583 Catonem
376 1557 483 1582 censet
508 1553 681 1582 Lachmann
708 1554 727 1582 l.
749 1555 767 1582 l.
788 1556 809 1588 I,
831 1563 859 1590 p.
882 1555 929 1584 43.
956 1556 1103 1591 probante
1123 1554 1377 1583 Weissenbornio
1404 1554 1478 1583 Einl.
1501 1562 1530 1590 p.
1552 1554 1599 1583 23.
1640 1553 1763 1582 Poterat

201 1609 229 1637 in
252 1616 338 1638 suam
360 1616 422 1637 rem
438 1609 562 1638 laudare
580 1610 755 1638 Ciceronem
768 1611 849 1639 Brut.
865 1611 910 1645 17,
924 1611 977 1640 66:
1000 1608 1148 1650 Origines
1168 1608 1233 1649 qius
1252 1618 1339 1649 quem
1357 1608 1462 1647 florem
1483 1612 1539 1638 aut
1559 1609 1644 1649 quod
1663 1609 1764 1638 lumen

202 1662 397 1702 eloquentiae
415 1672 478 1693 non
499 1662 634 1694 habent?
662 1663 826 1695 Amatores
846 1664 918 1695 huic
938 1665 1064 1701 desunt‚·
1085 1667 1141 1696 sed
1162 1666 1241 1695 adde
1257 1673 1335 1702 quae
1350 1668 1527 1702 sequuntur,
1547 1664 1643 1696 sicuti
1660 1664 1764 1694 multis

191 1718 264 1759 jam
283 1722 357 1748 ante
370 1719 504 1749 saeculis
519 1722 549 1748 et
565 1719 695 1750 Philisto
709 1719 876 1760 Syracusio
897 1723 927 1750 ct
941 1720 1006 1759 ipsi
1019 1719 1200 1761 Thucydidi.
1240 1723 1401 1750 Amatores
1423 1721 1512 1758 igitur
1531 1722 1572 1750 illi
1586 1723 1711 1751 deerant
1724 1728 1763 1749 ex

200 1777 304 1813 vulgo,
326 1784 386 1805 non
409 1784 446 1804 ex
466 1776 659 1805 historiarum
675 1778 884 1813 scriptoribus.
906 1776 956 1813 (cs.
969 1777 1148 1814 Bernhardy
1166 1778 1201 1806 H.
1216 1777 1248 1806 L.
1263 1778 1296 1806 R.
1313 1785 1341 1813 p.
1359 1776 1437 1813 196.)
1479 1778 1540 1807 Sed
1562 1780 1664 1813 potest
1683 1777 1761 1813 ipsis

200 1832 275 1861 Livii
295 1832 398 1861 verbis
421 1833 552 1868 probari,
574 1840 634 1860 non
655 1833 746 1861 modo
770 1833 879 1862 doctos
901 1832 1050 1869 homines,
1076 1834 1133 1862 sed
1154 1833 1241 1862 etiam
1264 1840 1380 1867 omnes,
1401 1833 1430 1861 in
1453 1841 1579 1870 quorum
1600 1841 1690 1862 usum
1711 1840 1762 1861 res

200 1890 353 1917 Romanas
376 1889 502 1923 scripsit
520 1889 640 1922 Livius,
669 1890 697 1916 in
720 1890 858 1917 manibus
880 1889 1028 1917 habuisse
1050 1889 1203 1924 Origines,
1226 1896 1316 1924 quum
1340 1889 1492 1918 orationes
1516 1890 1697 1918 Catonianas
1723 1895 1762 1916 ne

203 1944 308 1974 Cicero
331 1944 454 1980 quidem
481 1944 539 1972 sibi
569 1952 745 1980 comparare
766 1948 878 1980 posset
899 1953 1013 1973 omnes.
1055 1945 1133 1973 Dicit
1159 1944 1236 1972 enim
1261 1945 1364 1973 Livius
1386 1945 1473 1979 XLV,
1495 1945 1532 1974 25
1561 1946 1600 1974 de
1628 1945 1765 1974 oratione

200 2009 256 2037 pro
278 1999 521 2030 Rhodiensibus:
544 1998 620 2029 Nou
641 1999 775 2029 inseram
788 1999 986 2030 simulacrum
1004 1999 1070 2029 viri
1087 1999 1211 2038 copiosi
1229 2008 1311 2040 quae
1324 2000 1441 2030 dixerit
1453 1999 1643 2039 referendo,-
1662 2000 1764 2040 ipsius

201 2055 307 2086 oratio
327 2054 450 2095 scripta
472 2059 574 2086 exstat
595 2054 758 2096 Oriyiuum
779 2055 888 2096 quinto
909 2054 991 2085 libro
1012 2055 1142 2085 inclusa.
1185 2057 1271 2086 Certe
1297 2065 1358 2085 non
1381 2060 1502 2093 poterat
1522 2058 1632 2094 jubere
1657 2058 1763 2087 Livius

201 2120 267 2146 eos,
290 2113 400 2148 quibus
421 2112 562 2141 historias
585 2119 657 2140 suas
680 2112 812 2148 scripsit,
833 2113 991 2140 revolvere
1008 2112 1156 2148 Origines,
1178 2111 1205 2140 si
1227 2112 1363 2149 abjectae
1379 2115 1441 2141 tum
1456 2113 1587 2143 ruissent
1598 2117 1691 2151 atque
1707 2115 1762 2144 ob-

201 2169 318 2197 soletae
343 2172 374 2197 et
393 2170 434 2197 ita
454 2169 611 2204 neglectae
637 2171 670 2197 ut
694 2169 931 2204 perscripturum
957 2176 1008 2196 res
1036 2168 1188 2196 Romanas
1215 2168 1314 2204 ipsum
1342 2169 1447 2204 fugere
1472 2174 1611 2205 possent.
1659 2172 1765 2208 Itaque

202 2224 274 2253 dum
294 2224 371 2253 aliae
394 2225 582 2261 proferantur
602 2231 724 2259 causae,
748 2232 801 2253 cur
815 2223 953 2260 Origines
972 2223 1147 2260 neglexisse
1168 2224 1262 2253 videri
1284 2225 1406 2260 possint
1425 2224 1572 2261 historici,
1595 2228 1685 2257 etiam
1706 2229 1765 2258 hoc

200 2282 376 2317 argumento
401 2281 547 2315 adducar,
569 2283 601 2308 ut
621 2281 795 2319 memoriam
811 2287 914 2318 ,rerum
935 2280 1136 2324 Romanarum
1157 2280 1253 2309 fuisse
1275 2288 1327 2323 eas
1350 2289 1467 2318 negem.

852 2318 887 2323 Ὗ,
906 2320 935 2323 ,Α
956 2317 1304 2324 -sae—A·-..*-„e„„-„.J.-
1327 2313 1459 2324 .-..-r--⁴

239 2336 266 2365 4.
300 2336 407 2366 Potest
433 2337 522 2366 etiam
549 2337 629 2366 aliud
656 2340 863 2373 argumentum
890 2336 1002 2372 afferri,
1032 2345 1091 2374 quo
1120 2337 1352 2373 demonstretur,
1380 2346 1440 2369 non
1468 2340 1590 2370 omnino
1612 2345 1763 2370 amatores
