1980 2649
981 143 1020 174 48

219 240 354 276 defuisse
376 240 551 277 originibus
567 241 742 276 antequam
763 241 847 269 tanta
875 239 1034 270 admiratio
1076 239 1200 269 Catonis
1222 239 1396 270 incesserit·
1407 239 1598 274 hominibus,
1619 243 1655 278 ut
1676 239 1799 271 dicendi

220 303 325 338 genus,
348 304 409 333 quo
429 303 506 325 usus
526 298 591 324 erat
612 295 702 329 cato,
736 295 796 331 ipsi
824 294 965 324 Ciceroni
986 295 1140 332 praeferre
1167 303 1227 325 non
1256 296 1431 326 dubitarent
1450 296 1614 333 (spartian.
1634 296 1726 326 Hadr.
1749 294 1797 331 16.

219 345 423 386 M,.Aure1i1'1s
458 353 498 381 ad
534 352 720 382 Frontonem
744 352 779 385 ΙΙ,
808 351 854 385 11,
887 359 955 380 cum
991 360 1052 388 quo
1081 352 1153 381 loeo
1181 352 1219 381 cf.
1246 352 1300 388 frg.
1322 351 1386 387 97.)
1426 352 1501 382 Nam
1529 352 1622 382 multa
1646 352 1799 383 vocabula

220 411 385 440 Catoniana
406 416 498 444 quum
526 410 633 435 essent
654 407 821 435 obscurata
842 410 935 443 atque
957 408 1116 441 obsoleta,
1146 416 1207 436 non
1234 408 1374 441 deerant,
1402 408 1454 443 qui
1482 415 1608 444 operam
1633 412 1800 446 ciuemque

218 469 247 496 in
275 466 324 495 his
347 467 496 501 ponerent
517 463 725 499 explicandis,
753 471 790 491 ne
813 463 914 492 aditus
938 464 977 492 ad
1000 463 1147 492 Catonem
1174 463 1290 492 sensim
1317 462 1569 499 praecluderetur
1595 464 1724 494 civibus.
1764 463 1799 493 Id

218 524 323 559 egisse
346 520 464 549 videtur
484 518 648 549 Sallustius
669 518 809 553 (Sueton.
829 521 908 555 Aug.
932 518 984 555 86)
1008 522 1038 548 et
1058 519 1183 548 Verrius
1204 519 1352 553 Flaccus,
1375 519 1427 556 qui
1449 520 1489 548 de
1511 520 1653 550 obscuris
1675 520 1800 556 scripsit

219 579 343 611 catonis
366 577 454 612 (Gell.
476 576 565 610 XVII,
587 574 615 610 6,
638 574 656 604 2
678 574 749 612 sq.),
778 576 807 604 in
830 583 868 605 eo
890 584 1015 605 numero
1038 578 1102 605 erat
1123 576 1212 605 etiam
1237 576 1372 605 Statilius
1387 574 1548 610 Maximus,
1575 576 1614 605 de
1636 585 1698 613 quo
1713 577 1800 613 plura

189 653 191 660 ι
220 635 414 666 conscribere
436 634 465 661 in
487 632 587 661 animo
610 635 685 660 erat.
728 632 790 661 Sed
812 632 956 668 quoniam
977 632 1046 661 finis
1070 634 1118 661 est
1138 632 1299 661 faciendus
1321 631 1492 666 scribendi,
1522 630 1655 661 sufficiat
1674 633 1799 664 laudare

219 700 263 726 ea,
287 698 366 727 quae
388 689 571 718 Theodorus
593 679 695 724 Bergk
728 688 766 716 ad
789 688 963 717 anecdoton
984 687 1157 717 Parisinum
1179 687 1316 723 (Ztschft.
1347 688 1393 717 ifir
1420 688 1449 718 d.
1475 687 1799 717 Alterthumswissen-

128 744 130 746 ’
187 782 189 784 ‚
218 747 318 777 sebast
338 748 375 775 111
397 744 511 780 (1845),
533 752 562 780 p.
586 743 643 772 116
665 744 727 780 sq.)
750 745 788 772 de
811 753 848 773 eo
872 745 1048 781 disputavit.
1089 744 1135 772 Ex
1155 744 1209 778 iis,
1232 752 1310 780 quae
1332 745 1413 773 idem
1440 745 1586 773 disseruit
1610 745 1649 772 de
1668 744 1799 780 Lampa-

219 805 309 832 dione
330 803 369 830 ib.
391 810 420 837 p.
445 801 498 829 121
522 800 610 828 facile
633 800 807 835 apparebit,
836 808 896 828 non
918 803 1002 828 recte
1025 800 1139 828 secisse
1165 800 1343 828 Lerschium
1372 799 1422 834 (ef.
1451 808 1546 836 supra
1566 801 1612 834 111,
1634 800 1662 834 4,
1685 808 1714 835 p.
1736 798 1798 835 29),

218 860 300 896 quod
321 857 558 894 Lampadionem
582 855 721 891 Origines
744 856 772 883 in
796 858 915 892 septem
940 856 1086 885 divisisse
1108 856 1202 884 libros
1226 863 1281 891 pro
1304 858 1387 884 certo
1409 856 1556 891 posuerit.

680 2305 1353 2344 W
