1980 2649
993 141 1032 170 38

233 242 291 271 sed
312 247 390 276 quae
412 240 452 268 sit
473 245 581 270 causa,
609 245 663 265 cur
683 237 762 265 hanc
786 237 967 265 sententiam
993 240 1100 271 quarto
1127 238 1322 271 potissimum
1351 239 1427 267 libro
1452 238 1613 266 inseruerit
1638 238 1728 272 Cato,
1758 247 1797 267 ne

209 325 214 340 Ἰ
232 297 320 329 Blum
347 293 469 332 quidem
496 291 669 329 explicavit.
709 291 782 322 Mihi
803 291 928 329 quidem
950 292 996 322 sic
1017 300 1067 322 res
1082 299 1119 321 se
1131 290 1247 322 habere
1267 293 1396 324 videtur.
1436 293 1581 324 Memoria
1599 294 1672 323 belli
1691 293 1798 324 Punici

213 342 316 391 ἰριίιιιι
334 351 365 380 in
385 349 461 379 libro
484 350 590 386 quarto
611 347 717 378 inesse
738 355 800 378 non
821 350 950 385 poterat,
973 348 1057 386 quod
1077 348 1191 379 bellum
1212 348 1286 379 illud
1307 349 1453 380 detractis
1466 350 1680 391 imperatorum
1699 349 1798 380 nomi-

230 409 318 438 nibus
345 406 439 436 scribi
466 404 587 434 omnino
614 412 676 433 non
696 407 825 441 poterat.
865 404 988 440 Inspice
1008 405 1166 434 Flororum
1191 405 1467 442 Eutropiorumque
1492 406 1657 441 breviaria,
1684 405 1796 443 quibus

206 454 209 457 ³
229 463 370 494 breviora
381 460 531 492 breviaria
545 460 671 496 cogitari
685 467 747 489 non
761 462 904 497 possunt,
918 460 1134 496 imperatorum
1148 461 1271 490 nomina
1284 469 1346 490 non
1361 461 1564 492 desiderabis.
1603 463 1652 492 An
1672 461 1797 492 brevius

229 519 376 549 Catonem
402 517 441 546 de
466 516 504 545 iis
525 516 617 545 rebus
639 515 810 552 scripsisse
829 515 1021 552 putabimus,
1051 523 1143 553 quum
1164 516 1254 546 unius
1278 516 1413 546 Caedicii
1430 516 1572 547 virtutem
1590 520 1640 562 tot
1646 517 1797 559 laudibus

229 574 375 615 Quat?
416 572 581 607 Quaeritur,
603 571 703 607 qualis
725 571 822 599 ruisse
842 571 997 606 putandus
1019 572 1060 600 sit
1079 572 1170 607 liber,
1191 572 1221 601 in
1243 580 1305 609 quo
1327 570 1481 601 detractis
1498 570 1724 611 matorum
1742 580 1798 603 πο·

228 628 360 661 „nimbus
390 626 721 674 capitinath
752 626 855 655 dicere
887 626 979 655 liceat
1010 628 1214 662 perscriptum
1242 636 1317 656 esse
1343 629 1457 657 bellum
1484 628 1631 656 Punicum
1658 630 1797 664 primum.

228 682 397 721 Descriptis
420 681 589 711 Italicarum
610 680 764 711 civitatum
785 680 953 718 originibus
975 684 1026 711 aut
1044 681 1114 712 finis
1136 684 1201 712 erat
1227 682 1432 720 imponendus
1454 682 1540 720 operi
1560 685 1613 712 aut
1633 685 1796 714 transeun-

230 743 303 772 dum
324 740 362 769 ad
385 746 423 768 ea
443 739 522 773 loca,
543 745 624 775 quae
642 737 747 767 Italiae
767 737 907 775 proxime
929 737 1073 776 adjuncta
1092 741 1173 768 sunt.
1214 738 1348 768 Transiit
1361 738 1435 769 Cato
1457 739 1496 769 ab
1516 746 1589 776 agro
1604 738 1744 776 Rhegino
1759 740 1800 769 ad

228 797 372 828 Siciliam.
411 795 497 823 Hanc
514 794 649 839 insulam
669 793 783 823 bellum
796 793 945 841 Punicum
958 794 1086 831 primum
1098 794 1244 825 Romanis
1265 793 1403 841 aperuit.
1432 794 1505 824 Erat
1522 797 1587 824 tum
1606 795 1809 845 insulaffi

163 887 165 889 Ι
218 833 558 899 Βιζῃιζῃᾱιεεεεειιιιι
564 850 596 878 ιιι
617 836 732 879 ditione
754 850 1047 886 Carthaginiensium
1080 854 1211 888 excepta
1236 851 1358 880 civitate
1383 845 1560 880 Mamertina
1579 852 1750 889 paucisque
1769 852 1800 882 in

230 918 285 940 ora
310 916 371 945 qua
397 906 436 936 ad
465 906 611 935 orientem
638 906 738 935 solem
764 906 863 943 vergit
889 907 1029 943 oppidis,
1061 915 1141 944 quae
1168 907 1373 944 Syracusanis
1400 907 1556 943 parebant.
1598 907 1799 937 scribendum

229 965 317 1001 igitur
337 966 403 992 erat
424 963 463 992 de
484 962 613 995 Poenis,
640 969 702 997 qua
729 962 760 990 in
781 969 813 990 re
839 962 933 991 multo
961 962 1127 998 majoribus
1153 962 1379 992 difficultatibus
1401 962 1694 991 circumveniebatur
1714 962 1798 997 Cato,

230 1029 321 1059 quam
345 1020 376 1049 in
395 1018 508 1049 Italicis
534 1017 718 1047 civitatibus.
761 1018 851 1054 Ipsos
879 1018 1052 1047 Poenomm
1072 1019 1185 1054 libros,
1213 1019 1333 1048 etiamsi
1360 1018 1523 1054 cupiisset,
1551 1018 1713 1048 consulere
1738 1026 1800 1047 non

228 1078 358 1120 poterat,
378 1082 448 1104 nam
462 1073 596 1103 Punicae
617 1072 739 1110 linguae
758 1073 887 1110 peritum
908 1081 978 1103 eum
998 1074 1096 1104 fuisse
1116 1082 1206 1104 nemo
1226 1082 1361 1111 unquam
1375 1074 1553 1111 suspicatus
1575 1076 1632 1104 est.
1675 1073 1740 1103 Nec
1762 1080 1800 1102 ea

230 1133 373 1162 sufficere
393 1131 543 1166 poterant,
565 1135 645 1165 quae
664 1129 783 1165 legatus
806 1128 979 1166 carthagini
1000 1132 1052 1159 aut
1072 1131 1182 1160 consul
1202 1130 1233 1159 in
1253 1129 1402 1167 Hispania
1421 1129 1586 1159 audiverat.
1626 1129 1732 1165 ltaque
1751 1135 1801 1157 re-

230 1189 345 1223 liquum
366 1185 440 1214 nihil
462 1188 534 1218 erat,
553 1184 613 1212 nisi
633 1187 667 1212 ut
686 1185 725 1212 ad
745 1185 859 1213 bellum
880 1185 963 1219 illud,
986 1186 1070 1220 quod
1091 1185 1223 1214 insulam
1236 1185 1380 1213 Romanis
1396 1188 1564 1220 aperuerat,
1588 1184 1800 1212 descenderet.

229 1243 292 1274 Sed
314 1249 406 1280 quum
427 1240 456 1269 ei
481 1240 512 1269 in
533 1239 633 1269 animo
660 1247 720 1269 non
741 1244 827 1270 esset
847 1241 948 1278 ipsum
968 1241 1082 1271 bellum
1102 1249 1233 1276 narrare,
1256 1249 1293 1270 ea
1313 1240 1522 1270 tantummodo
1543 1237 1800 1272 commemoravit,

204 1305 208 1310 ’
229 1306 309 1337 quae
330 1297 370 1325 ad
389 1304 462 1331 rem,
485 1303 577 1332 quam
599 1294 658 1323 sibi
672 1299 886 1333 proposuerat,
908 1299 979 1333 apta
999 1304 1073 1326 esse
1093 1297 1278 1327 viderentur.
1320 1297 1386 1333 Qua
1405 1296 1435 1325 in
1455 1302 1489 1325 re
1507 1302 1565 1325 nec
1586 1295 1801 1332 imperatorum

229 1355 354 1384 nomina
374 1351 565 1381 adscriberet
585 1357 718 1379 necesse
740 1354 805 1379 erat
826 1354 857 1380 et
878 1359 957 1389 opus
979 1354 1044 1380 erat
1064 1352 1153 1389 quasi
1175 1352 1389 1387 excusatione,
1419 1358 1458 1380 ne
1481 1351 1549 1389 quis
1577 1350 1703 1392 annales
1728 1349 1801 1380 belli

230 1411 431 1450 exspectaret.
445 1448 448 1450 -
462 1408 528 1437 Hoc
547 1407 638 1443 igitur
658 1408 858 1444 fragmentum
874 1407 912 1438 82
924 1408 984 1437 sibi
999 1408 1138 1437 voluisse
1154 1408 1281 1437 videtur.
1315 1392 1419 1437 Facile
1438 1406 1622 1444 perspicitur
1641 1414 1801 1435 verrucam

229 1469 312 1496 illam
332 1466 400 1502 (rrg.
421 1464 474 1499 84)
497 1471 569 1492 esse
591 1471 630 1492 ex
650 1464 702 1498 iis,
731 1472 811 1501 quae
838 1465 868 1493 in
889 1472 962 1501 agro
985 1464 1192 1495 camarinensi
1213 1464 1390 1493 admiranda
1408 1463 1603 1498 videbantur3
1629 1461 1802 1497 intelligitur

207 1528 210 1535 ·
233 1523 339 1556 etiam,
361 1529 422 1557 quo
441 1520 510 1556 jure
528 1519 571 1552 is,
601 1519 653 1555 qui
673 1520 858 1555 capitulatim
879 1528 915 1549 se
937 1521 1040 1549 dicere
1061 1520 1228 1557 profitetur,
1249 1520 1279 1547 in
1300 1521 1407 1555 quarto
1429 1519 1506 1547 libro
1528 1518 1673 1547 Catonem
1693 1524 1801 1553 perse-

217 1581 337 1608 cutum
364 1583 438 1605 esse
464 1575 578 1604 bellum
603 1574 750 1603 Punicum
775 1576 904 1610 primum
932 1576 1035 1604 dicere
1061 1576 1201 1611 potuerit.
1242 1575 1382 1603 Pluribus
1404 1573 1509 1603 verbis
1530 1575 1572 1602 uti
1593 1573 1620 1601 si
1640 1573 1800 1605 voluisset,

211 1634 371 1664 iscribere
403 1631 535 1661 debebat
565 1630 671 1666 Nepos
699 1629 805 1660 inesse
840 1630 1078 1667 descriptionem
1107 1631 1227 1660 Siciliae
1255 1638 1295 1659 ex
1315 1630 1460 1659 memoria
1485 1629 1557 1658 belli
1582 1628 1688 1658 Punici
1713 1628 1801 1664 primi

206 1674 212 1727 j*
232 1689 364 1719 maxima
385 1694 423 1716 ex
443 1688 528 1724 parte
548 1685 713 1723 repetitam.

273 1746 302 1774 9.
333 1746 372 1772 Ιιι
394 1743 531 1779 quinto
553 1742 758 1770 secundum
778 1743 920 1771 bellum
938 1742 1147 1771 Poenicum
1168 1745 1399 1778 persecutus
1421 1744 1490 1771 est.
1530 1740 1627 1770 Etiam
1648 1739 1800 1769 hocloco

235 1800 389 1836 reliquias,
412 1806 491 1833 quas
512 1797 644 1825 incertae
665 1798 751 1825 sedis
773 1805 847 1825 esse
871 1798 1012 1831 diximus,
1035 1798 1204 1833 expediam.
1230 1798 1320 1833 Frgg.
1341 1797 1396 1826 106
1417 1799 1448 1825 et
1469 1796 1525 1825 108
1546 1796 1636 1823 etiarn
1648 1794 1802 1829 Wagener

237 1865 291 1893 pro
313 1854 436 1884 incertis
459 1852 729 1889 habet31rg.109
750 1851 801 1882 illi
816 1851 958 1891 polliciti
973 1860 1041 1881 sese
1056 1848 1219 1890 factunm
1239 1851 1344 1881 omnia
1364 1854 1404 1881 ad
1423 1853 1514 1880 finem
1532 1851 1604 1880 belli
1623 1850 1729 1879 Punici
1749 1857 1800 1878 se-

91 1912 120 1949 ss·
136 1910 139 1926 s
158 1933 161 1938 .
239 1911 343 1945 cundi,
370 1909 506 1946 srg.107
528 1907 695 1938 exercitum
714 1916 801 1938 suum
818 1916 982 1947 pransum,
999 1910 1195 1957 paralum,
1182 1906 1381 1938 cohortatum
1401 1905 1509 1937 eduxit
1525 1903 1621 1945 foras
1641 1907 1737 1945 atque
1755 1902 1801 1933 in-

34 1970 109 2000 ss
240 1965 353 1995 strutit
364 1966 404 1994 ad
416 1966 529 1996 bellum
542 1965 723 1999 Aetolicum,
745 1965 799 2001 srg.
768 1956 872 1995 110
890 1964 975 2002 quod
988 1973 1093 1995 eorum
1104 1973 1192 1994 nemo
1204 1964 1367 2005 quisquam
1379 1962 1544 2004 quicquam
1554 1961 1631 1992 milri
1637 1961 1802 2002 iynoturus

243 2024 288 2051 est
307 2023 345 2051 ad
367 2022 534 2052 orationem
555 2021 705 2050 adversus
726 2022 774 2050 M'.
794 2023 925 2051 Acilium
947 2021 1073 2058 (Meyer.
1088 2030 1118 2058 p.
1134 2021 1185 2057 24)
1207 2022 1305 2051 refert.
1345 2022 1419 2057 Ipsa
1438 2022 1604 2057 fragmenta
1624 2019 1654 2047 h.
1668 2019 1687 2046 l.
1701 2020 1800 2045 trans-

244 2078 368 2113 scripsi,
395 2085 455 2114 quo
477 2077 597 2106 facilius
618 2076 828 2114 perspiceres,
856 2085 947 2115 quam
972 2078 1094 2108 incertis
1122 2078 1297 2114 fragmentis
1325 2080 1439 2107 certam
1459 2077 1566 2106 sedem
1586 2081 1800 2110 nonnunquam

245 2132 443 2168 assignaverit
461 2133 624 2170 Wagener.
665 2131 738 2161 Mihi
763 2132 834 2162 nihil
861 2132 935 2162 certi
961 2132 1066 2163 inesse
1091 2133 1225 2169 videtur,
1252 2133 1311 2163 nisi
1331 2133 1415 2170 quod
1440 2132 1495 2170 frg.
1519 2130 1575 2160 110
1602 2137 1641 2158 ex
1666 2129 1801 2159 oratione

244 2189 346 2223 aliqua
360 2195 429 2216 esse
443 2189 510 2224 ipse
525 2196 648 2225 quoque
662 2188 804 2224 arbitror;
826 2190 910 2225 quod
930 2188 958 2217 si
975 2196 1031 2225 pro
1052 2192 1137 2218 certo
1158 2189 1306 2218 affirmare
1325 2189 1479 2222 auderem,
1500 2186 1528 2215 ei
1549 2186 1675 2215 orationi
1695 2184 1800 2220 adjun-

245 2251 357 2280 gerem,
380 2250 468 2279 quam
487 2244 557 2273 huic
578 2244 655 2280 libro
676 2244 819 2273 insertam
839 2244 936 2273 fuisse
959 2247 1087 2280 constat,
1108 2245 1127 2274 i.
1150 2253 1176 2273 e.
1198 2244 1325 2274 orationi
1345 2252 1401 2280 pro
1422 2241 1649 2283 Rhodiensibus
1669 2240 1799 2269 habitae.

241 2315 282 2319 -—
312 2299 418 2327 Certae
448 2300 531 2328 sedis
559 2302 629 2329 sunt
653 2300 819 2336 fragmenta
841 2300 1018 2334 duodecim,
1046 2309 1084 2330 ex
1113 2301 1223 2337 quibus
1247 2301 1307 2330 duo
1330 2300 1369 2328 ad
1389 2298 1521 2335 illyriam
1541 2299 1613 2327 sunt
1632 2296 1798 2330 reserenda,
