1980 2649
989 146 1028 175 36

229 245 429 274 Romanorum
456 243 547 271 rebus
575 242 686 277 gestis,
716 242 745 269 in
767 241 904 269 secundo
928 245 958 269 et
978 242 1066 270 tertio
1087 242 1193 275 multa,
1221 250 1300 278 quae
1325 252 1386 273 non
1413 247 1554 280 spectant
1583 244 1622 272 ad
1652 244 1791 279 Origines

172 329 175 331 ,
227 300 381 333 ,civitatum
406 298 584 332 Italicarum,
613 297 669 326 sed
691 297 730 340 ad
751 297 865 325 vitam
887 304 927 326 ac
950 296 1213 340 diseiplinfimss
1234 298 1274 327 ad
1290 298 1354 334 jus,
1376 300 1449 338 quIn
1471 300 1560 329 etiam
1580 299 1620 328 ad
1635 305 1792 336 caprarum

229 354 418 383 velocitatem
437 353 544 389 rcqu.,
560 353 617 382 sed
632 352 710 381 haec
725 353 755 381 in
776 353 939 382 summario
955 353 1090 383 notanda
1103 361 1164 382 non
1179 353 1368 383 videbantur.
1405 357 1501 393 Quum
1515 362 1588 385 vero
1602 354 1792 392 scripsisset,

227 412 256 438 in
278 413 385 446 quarto
406 410 482 438 libro
505 409 616 437 bellum
637 409 783 436 Punicum
805 409 908 437 inesse
930 409 1074 444 primum,
1103 409 1131 437 in
1154 409 1257 446 quinto
1279 411 1465 446 secundum,
1486 414 1549 440 turn
1568 411 1793 448 persentiscere

228 466 330 502 coepit
348 473 408 494 non
429 465 506 493 haec
528 472 600 493 esse
621 465 786 515 summaria
804 464 963 513 ”bmffl
981 466 1064 501 quod
1085 473 1145 494 non
1170 464 1255 501 justa
1275 466 1393 494 illorum
1414 447 1793 496 bellumn-

227 525 314 552 esset
338 522 367 550 in
392 522 441 550 his
468 522 568 556 libris;
597 524 627 549 et
654 522 680 549 si
707 512 838 557 quisita
859 522 1022 550 summaria
1047 522 1226 556 conficeret,
1249 522 1276 551 ei
1304 523 1514 551 excusandum
1540 531 1613 552 esse
1637 522 1792 552 brevitatis

228 578 370 612 studium,
392 584 429 605 ne
446 573 605 614 falsarius
624 578 849 615 agnosceretur
869 578 925 606 aut
945 574 1077 606 mendax
1098 574 1269 607 videretur.
1312 577 1365 608 His
1380 577 1559 614 praemissis
1576 579 1641 615 jam
1655 579 1694 608 ad
1707 578 1793 615 ipsas

228 635 335 664 horum
356 634 498 662 librorum
519 631 664 668 reliquias
686 635 886 661 transeamus.

267 690 293 719 8.
324 690 363 718 In
391 691 526 725 quarto
553 691 675 717 autem
701 688 842 717 bellum
861 687 1067 717 Poenicum
1088 687 1244 725 primum
1266 686 1521 725 (persecutus
1542 689 1629 726 est).
1669 689 1794 720 Profici-

228 746 376 775 scendum
400 748 448 773 est
469 744 528 772 hoc
551 744 621 772 loco
644 751 662 772 a
683 744 873 780 fragmentis,
902 744 1013 781 quibus
1036 746 1149 773 certam
1170 744 1277 773 sedem
1298 744 1458 781 assignare
1478 746 1639 777 noluimus.
1678 746 1734 789 ,¹15-
1756 745 1795 785 92

227 802 435 830 auctoritatem
458 799 597 829 codicum
620 801 720 829 secuti
741 808 779 828 ex
800 800 877 829 libro
900 801 1037 829 secundo
1053 800 1260 829 transtulimus
1275 800 1305 828 in
1320 804 1468 837 quartum,
1491 809 1673 840 quamquam
1691 802 1719 831 si
1730 809 1795 830 rem

228 861 405 894 spectamus
427 865 502 886 sane
524 857 697 891 obscuram,
720 857 848 885 secundi
868 857 981 892 potius,
1004 864 1094 893 quam
1115 857 1213 894 quarti
1232 857 1329 886 fuisse
1351 857 1446 887 videri
1460 860 1571 894 possit.
1611 859 1675 888 Nec
1687 858 1742 894 frg.
1756 857 1793 887 91

229 922 288 951 quo
307 914 474 942 referamus
496 912 662 947 habemus,
684 913 755 941 item
775 913 945 949 Wagener;
968 920 1021 941 cur
1034 912 1115 942 Roth
1135 913 1216 941 illam
1236 913 1430 949 potissimum
1451 914 1558 943 sedem
1580 914 1608 943 ei
1628 914 1794 951 fragmento

228 970 371 1003 tribuerit,
394 977 454 997 non
476 971 610 1005 apparet.
652 969 780 997 Restant
799 969 889 1004 igitur
908 969 962 1004 frg.
984 968 1110 998 87—90.
1150 971 1252 1006 Atque
1273 970 1327 1006 frg.
1343 969 1390 1004 90,
1414 977 1474 1006 quo
1497 970 1701 1006 depugnatum
1722 977 1796 998 esse

229 1026 336 1055 dicitur
356 1033 410 1061 pro
427 1025 535 1054 castris
557 1025 575 1053 i.
592 1032 629 1059 e.‚
651 1027 685 1053 ut
706 1025 818 1053 Gellius
841 1025 983 1061 explicat,
1005 1026 1044 1054 ad
1066 1028 1166 1055 castra
1186 1026 1308 1061 tuenda,
1328 1025 1483 1062 Wagener
1502 1026 1632 1055 laudatis
1652 1025 1794 1056 Frontino

229 1085 351 1117 strateg.
374 1082 408 1114 ΙΙ,
433 1080 458 1114 1,
480 1081 499 1108 4
527 1083 557 1108 et
582 1081 699 1108 zonara
723 1081 797 1114 VIII,
821 1081 858 1109 10
885 1082 924 1109 ad
950 1089 1082 1117 pugnam
1103 1081 1330 1117 Agrigentinam
1356 1081 1462 1117 refert;
1494 1084 1524 1109 at
1550 1081 1676 1118 saepius
1700 1081 1731 1108 in
1757 1087 1794 1108 eo

229 1138 311 1166 bello
333 1145 388 1172 pro
412 1136 521 1164 castris
544 1139 592 1163 est
612 1139 775 1171 pugnatum
798 1135 848 1171 (cf.
869 1137 978 1172 Polyb.
1001 1138 1021 1170 I,
1043 1136 1103 1171 30).
1145 1138 1218 1164 ltem
1239 1138 1292 1172 frg.
1315 1136 1353 1165 87
1380 1137 1445 1165 vult
1470 1145 1542 1165 esse
1568 1145 1607 1165 ex
1627 1145 1664 1165 ea
1683 1143 1795 1173 pugna,

232 1202 292 1228 qua
312 1192 504 1227 Xanthippus
533 1192 604 1219 vicit
629 1192 792 1227 Regulum,
824 1193 854 1219 in
882 1200 942 1227 qua
968 1201 1043 1220 sane
1071 1193 1194 1228 quidem
1221 1201 1332 1228 magna
1357 1196 1421 1220 erat
1445 1192 1541 1220 virtus
1568 1192 1796 1228 elephantorum

231 1249 387 1285 (Polyb.1,
402 1246 463 1284 34),
486 1247 543 1277 sed
559 1248 642 1284 quod
658 1256 820 1285 numquam
843 1249 904 1277 sere
926 1256 963 1278 eo
985 1248 1066 1278 bello
1089 1257 1196 1278 manus
1219 1247 1542 1278 conserueruntPoeni
1558 1256 1626 1277 cum
1640 1247 1795 1283 Romanis,

231 1305 289 1334 nisi
311 1304 453 1333 adhibitis
476 1303 658 1340 elephantis,
680 1312 740 1333 non
756 1307 813 1338 cst,
836 1312 888 1333 cur
903 1304 981 1334 hanc
996 1312 1129 1341 pugnam
1143 1305 1321 1334 necessario
1338 1304 1537 1342 significatam
1552 1311 1624 1333 esse
1639 1306 1796 1340 putemus;

232 1363 312 1390 idem
334 1362 372 1390 de
383 1362 436 1398 frg.
450 1360 487 1390 89
500 1360 698 1397 judicandum
717 1360 779 1389 crit.
801 1361 960 1398 Reliquum
973 1362 1118 1397 igiturest
1129 1368 1167 1389 ex
1185 1368 1223 1390 eo
1236 1368 1360 1390 numero
1374 1362 1428 1397 frg.
1443 1359 1491 1395 88,
1507 1367 1567 1397 quo
1583 1358 1723 1389 dictator
1726 1357 1796 1399 jus-

232 1417 320 1452 sisse,
334 1417 450 1446 :licitur
460 1416 640 1455 mayislrum
654 1415 787 1452 eqm'lum
802 1416 964 1446 arcessiat
974 1425 1040 1446 cum
1051 1415 1187 1446 mitteret
1200 1424 1267 1446 cum
1278 1415 1440 1457 equitibus.
1461 1413 1526 1445 Sed
1538 1423 1611 1445 sero
1625 1418 1683 1451 cst,
1695 1414 1798 1457 inquit

234 1472 383 1511 ninyistcr
397 1472 542 1511 equitum,
552 1470 617 1509 iam
636 1471 801 1501 rescivere.
837 1474 957 1501 Habent
978 1480 1035 1501 sua
1049 1474 1110 1501 sata
1125 1473 1214 1501 etiam
1229 1474 1404 1508 fragmenta.
1436 1473 1531 1501 Recte
1551 1473 1589 1500 ab
1605 1473 1744 1500 omnibus
1760 1479 1798 1500 ex

238 1536 356 1556 summo
373 1528 513 1555 codicum
525 1535 681 1556 consensu
695 1529 882 1563 adscriptum
896 1530 945 1556 cst
958 1529 1155 1563 fragmentum
1168 1528 1245 1555 libro
1261 1530 1377 1562 quarto.
1405 1527 1465 1555 Sed
1475 1526 1538 1563 jam
1549 1527 1665 1563 Popma
1676 1527 1797 1562 (Ricco-

238 1585 338 1613 bonus
354 1583 427 1611 nihil
438 1583 497 1610 talc
520 1582 682 1617 commisit)
706 1583 880 1618 composuit
899 1582 979 1610 hunc
1002 1583 1103 1611 locum
1125 1590 1192 1610 cum
1214 1582 1268 1618 frg.
1283 1581 1330 1616 96,
1350 1582 1425 1611 Lion
1441 1583 1529 1611 locos
1545 1582 1659 1611 fortiter
1673 1584 1797 1619 conglo-

236 1639 329 1673 bavit,
341 1638 495 1675 Wagener
507 1645 566 1666 non
580 1638 679 1667 solum
692 1638 883 1674 approbavit,
903 1638 959 1667 sed
977 1637 1108 1666 etiamid
1123 1637 1204 1674 quod
1219 1644 1413 1674 consequens
1431 1640 1478 1667 est
1488 1640 1584 1667 ratum
1598 1636 1711 1668 habuit.
1746 1639 1796 1669 Sic

237 1695 316 1734 enim
329 1695 391 1723 fere
404 1694 572 1723 concludit:
596 1694 682 1731 Quod
694 1694 747 1731 frg.
764 1693 802 1723 96
814 1696 934 1730 spectat
948 1694 985 1722 ad
998 1701 1043 1728 ea,
1059 1700 1137 1730 quae
1150 1696 1223 1730 post
1236 1701 1367 1730 pugnam
1381 1693 1571 1724 Cannensem
1586 1694 1664 1723 facta
1678 1697 1750 1724 sunt
1768 1698 1798 1724 et

236 1752 415 1780 necessario
439 1751 683 1787 conjungendum
705 1753 753 1778 est
768 1757 835 1778 cum
857 1750 910 1786 srg.
926 1750 974 1785 88,
996 1751 1079 1786 quod
1101 1757 1139 1777 ex
1160 1753 1265 1785 quarto
1287 1750 1382 1779 fuisse
1402 1751 1478 1779 libro
1495 1753 1629 1785 constat,
1652 1752 1797 1787 sequitur,

235 1812 268 1837 ut
290 1808 379 1837 etiam
401 1808 455 1843 frg.
478 1806 517 1835 96
539 1815 577 1834 ex
602 1809 708 1842 quarto
728 1807 804 1835 libro
832 1806 884 1835 sit:
916 1814 988 1842 ergo
1011 1814 1047 1835 eo
1070 1806 1145 1835 libro
1167 1814 1227 1835 non
1248 1807 1339 1835 modo
1360 1806 1488 1843 primum
1509 1807 1622 1836 bellum
1642 1807 1796 1844 Punicum,

235 1872 341 1892 verum
364 1864 454 1891 etiam
476 1864 645 1891 secundum
664 1864 776 1891 bellum
791 1870 890 1898 usque
905 1863 943 1890 ad
958 1870 1090 1898 pugnam
1112 1862 1220 1890 saltem
1235 1862 1426 1891 Cannensem
1440 1865 1621 1897 persecutus
1643 1866 1691 1891 est
1705 1864 1796 1900 Cato3

236 1921 346 1949 fallitur
366 1919 591 1962 igimfffllff‘lfflsz
632 1919 694 1948 Nos
724 1918 845 1955 quidem
868 1918 912 1947 sic
936 1918 1161 1947 concludimus:
1185 1918 1269 1953 quod
1287 1917 1392 1954 Nepos
1413 1918 1443 1947 in
1464 1921 1570 1953 quarto
1590 1918 1666 1948 libro
1685 1920 1797 1948 bellum

237 1961 430 2013 priinumsin
455 1976 560 2011 quinto
583 1975 750 2003 secundum
778 1977 973 2011 persecutum
995 1982 1068 2002 esse
1090 1974 1163 2003 dicit
1184 1973 1342 2009 Catonem,
1365 1974 1418 2010 frg.
1440 1973 1494 2008 96,
1516 1974 1598 2010 quod
1619 1977 1668 2003 est
1687 1982 1725 2003 ex
1746 1982 1796 2004 se-

240 2034 337 2061 cundo
359 2033 452 2066 bello,
475 2040 535 2060 non
556 2033 660 2067 potest
681 2031 822 2067 conjungi
844 2038 912 2058 cum
933 2030 987 2067 frg.
1009 2030 1055 2060 88.
1099 2031 1186 2066 Quod
1209 2038 1298 2066 quam
1318 2033 1402 2058 recte
1424 2037 1460 2058 se
1480 2029 1601 2065 habeat,
1621 2030 1722 2066 ipsum
1741 2032 1795 2068 frg.

240 2089 351 2117 docere
371 2089 499 2116 videtur.
541 2088 616 2116 Nam
639 2094 729 2122 quum
751 2095 805 2122 per
825 2087 953 2122 primum
973 2087 1086 2115 bellum
1106 2087 1253 2115 Punicum
1266 2086 1410 2115 Romanis
1432 2087 1614 2114 exercitibus
1635 2086 1797 2116 dictatores

240 2151 402 2179 numquam
432 2144 630 2179 praefuerint,
658 2143 779 2171 Poenus
808 2145 889 2170 certe
917 2144 980 2170 erat
1007 2142 1149 2176 dictator,
1184 2142 1235 2178 qui
1261 2142 1437 2178 magistrum
1465 2141 1598 2177 equitum
1624 2142 1798 2171 accessivit.

240 2199 387 2227 Hannibal
408 2202 506 2226 autem
528 2206 585 2226 nec
606 2200 692 2227 solus
715 2206 771 2226 nec
793 2199 907 2234 prImus
931 2200 994 2225 erat
1014 2198 1144 2226 dictator
1163 2197 1437 2234 Carthaginiensis3
1459 2197 1498 2225 ad
1520 2203 1609 2232 quam
1629 2205 1692 2225 rem
1713 2204 1797 2227 com-

238 2255 429 2291 probandam
449 2263 580 2283 neccsse
603 2262 662 2283 non
685 2257 733 2283 cst
754 2254 791 2281 ad
812 2254 999 2283 reconditam
1021 2262 1078 2283 nos
1102 2254 1292 2282 descendere
1306 2253 1483 2282 doctrinam.
1524 2252 1719 2281 Notissimum
1739 2256 1796 2290 est,

239 2318 301 2347 qua
322 2309 445 2337 levitate
466 2311 512 2337 usi
533 2311 659 2339 Romani
688 2318 745 2339 sua
766 2310 899 2340 instituta
920 2310 959 2338 ad
980 2310 1055 2339 alias
1078 2312 1183 2346 gentes
1204 2308 1424 2341 transtulerint,
1445 2310 1478 2336 ut
1497 2308 1603 2336 mirum
1623 2308 1717 2338 videri
1736 2317 1797 2338 non
