1980 2649
956 155 995 185 39

191 254 253 283 duo
274 254 314 283 ad
334 252 435 290 ipsum
456 251 569 282 bellum
595 249 838 287 Hannibalicum‚
864 251 981 289 reliqua
1005 251 1044 281 ad
1073 251 1238 281 orationem
1263 258 1319 289 pro
1347 249 1575 281 Rhodiensibus
1607 246 1753 278 habitam,

188 313 293 347 Atque
318 310 349 338 in
377 309 472 338 rebus
498 307 627 344 Illyricis
653 307 775 344 quidem
800 307 849 337 bin
876 307 986 337 tactam
1014 314 1087 336 esse
1112 308 1253 337 videmus
1279 306 1409 337 Naronis
1435 306 1628 336 mentionem.
1673 304 1752 334 Nam

190 367 222 397 C.
249 365 381 396 Marcius
405 363 532 400 Figulus
558 363 665 393 iterum
690 363 799 407 consul
840 371 918 393 anno
955 363 1197 400 quingentesimo
1232 364 1431 399 nonagesimo
1459 366 1570 392 octavo
1596 361 1753 392 adom

188 419 359 452 Dalmatas
380 425 497 459 parum
526 426 683 459 prospere
702 416 854 458 pranm,
874 420 989 457 postea
1010 416 1152 458 feliciter
1171 417 1344 459 palpavit,
1371 422 1402 448 et
1424 414 1511 457 μέχρι
1536 414 1583 447 ἐπὶ
1608 413 1752 457 Νάρονα

189 473 326 516 ποταμὸν
344 469 420 515 ἧκεν
437 469 629 514 ὑποφεύγων.
670 475 755 505 Hanc
777 482 840 504 rem
861 477 943 504 certe
970 475 999 504 iu
1020 475 1123 512 quinto
1149 475 1226 504 libro
1247 482 1307 504 non
1333 475 1466 504 narravit
1491 474 1575 504 cato.
1613 474 1685 503 Erat
1711 480 1750 502 ea

189 533 275 570 regio
296 532 391 562 sedes
411 531 497 566 belli,
528 531 611 567 quod
630 530 1388 573 PrimumffgffifiqfsspiiRQH-ii„PRQQ-„1115112082
1417 530 1530 560 Scribit
1549 529 1629 559 enim
1651 529 1746 565 Poly·
1805 543 1811 546 -

629 567 756 575 ffffl„

189 588 259 619 bius
279 588 315 624 Π,
332 586 379 623 11,
400 586 451 624 qui
470 586 501 616 in
520 585 570 616 his
590 585 683 615 rebus
704 585 791 615 solus
812 588 861 616 est
879 589 994 621 auctor,
1016 585 1068 615 Cn.
1081 585 1219 615 Fulvium
1242 585 1449 616 Centumalum
1470 585 1563 622 (Flor.
1577 586 1612 620 11,
1625 584 1658 620 5)
1679 591 1747 614 eos.

191 650 365 680 occupasse
385 643 493 676 Issam,
517 640 627 669 deinde
646 641 744 678 pergit
761 639 824 668 τῶν
842 637 875 669 δὲ
893 637 1137 679 πολιορκούντων
1154 636 1210 679 τὴν
1226 636 1331 670 Ἴσσαν
1349 639 1382 670 οἱ
1397 636 1454 680 μὲν
1472 637 1507 670 ἐν
1524 640 1563 680 τῇ
1578 636 1675 680 Φάρῳ
1695 636 1749 669 διὰ

189 696 244 728 τὸν
262 694 437 737 Δημήτριον
456 694 597 735 ἀβλαβεῖς
615 692 745 734 ἔμειναν,
765 694 796 725 οἱ
814 694 841 725 δ’
861 693 948 725 ἄλλοι,
966 693 1075 730 πάντες
1094 692 1210 735 ἔφυγον
1229 695 1272 731 εἰς
1290 694 1344 725 τὸν
1354 694 1501 737 Ἀρβωνα
1519 692 1745 730 σκεδασθέντες.

188 756 272 785 Arbo
305 755 357 791 qui
383 755 425 783 sit
451 753 622 787 nescimus,
649 753 706 781 sed
732 753 855 781 dubium
880 752 978 781 videri
1003 760 1064 782 non
1090 756 1193 789 potest
1217 756 1382 790 perspecto
1409 754 1547 783 locorum
1566 754 1642 788 situ,
1670 752 1744 789 quin

189 811 398 841 emendandus
416 809 456 839 sit
474 810 561 839 locus
581 808 777 846 Polybianus.
817 808 891 838 Nam
914 808 1025 845 quibus
1046 809 1158 838 artibus
1179 809 1250 838 olim
1264 809 1365 838 locum
1379 810 1534 846 explicare
1548 809 1648 839 conati
1662 811 1743 841 sunt,

189 870 223 897 ut
246 866 474 904 suspicarentur
491 864 574 895 Arbo
600 864 755 901 antiquum
776 871 849 894 esse
866 871 976 894 nomen
990 864 1137 901 ,Epidauri
1158 863 1315 901 (Mannert.
1338 865 1447 902 Geogr.
1468 866 1531 901 VII,
1552 873 1582 903 p.
1603 864 1686 899 350),
1707 863 1739 893 id

190 930 247 952 nec
267 921 447 951 testimoniis
468 923 602 950 veterum
628 927 686 949 nec
713 920 773 949 situ
801 922 891 956 atque
911 923 1016 949 natura
1034 920 1177 956 Epidauri
1196 921 1349 956 probatur.
1391 921 1447 958 Qui
1472 928 1546 950 vero
1566 920 1670 950 Arben
1696 919 1743 947 in-

190 978 287 1008 sulam
308 976 506 1014 significatam
527 982 600 1005 esse
619 977 733 1012 putant,
754 982 815 1004 non
834 974 1045 1004 intellexerunt
1056 975 1160 1012 procul
1175 975 1287 1004 abesse
1308 975 1346 1005 ab
1364 975 1413 1005 his
1427 976 1505 1006 locis
1520 983 1588 1005 eam
1601 975 1741 1005 insulam.

190 1033 277 1069 (Plin.
296 1034 344 1067 III,
364 1031 413 1066 21,
434 1028 515 1069 140.)
554 1031 646 1059 Immo
668 1031 875 1059 emendandus
894 1033 942 1059 est
960 1032 1064 1067 locus;
1091 1038 1145 1067 pro
1170 1029 1436 1059 ΤΟΝΑΡΒΩΝΛ
1460 1032 1529 1068 lege
1553 1029 1743 1060 TONNAP-

190 1086 314 1116 ΒΩΝΛ
334 1090 365 1116 et
384 1087 513 1116 emenda
533 1086 674 1114 mendum
694 1093 770 1115 sane
789 1086 943 1122 vulgatum
964 1086 1024 1121 (bis
1046 1087 1126 1122 apud
1145 1086 1271 1114 Ptolem.
1292 1087 1326 1120 II,
1350 1086 1396 1121 17,
1413 1087 1459 1121 12,
1479 1088 1555 1122 VIII,
1568 1087 1597 1121 ⁷,
1622 1087 1640 1115 7
1660 1076 1760 1114 nune*

191 1144 313 1172 demum
334 1140 515 1177 correctum)
535 1150 591 1178 pro
612 1138 772 1169 ΝΛΡΩΝ
786 1141 980 1172 scribentium
1000 1139 1189 1169 ΝΑΡΒΩΝ.
1230 1142 1297 1169 Jam
1317 1142 1475 1171 videamus
1495 1143 1621 1178 reliqua.
1660 1142 1742 1170 Naro

189 1199 267 1227 inter
281 1198 419 1235 Pyraeos
441 1199 471 1225 et
489 1196 637 1226 Liburnos
659 1202 676 1225 e
697 1195 821 1233 regione
836 1195 987 1233 corcyrae
1006 1196 1123 1225 insulae
1144 1196 1173 1225 in
1194 1203 1276 1225 mare
1295 1196 1482 1226 Adriaticum
1502 1196 1606 1227 influit.
1647 1197 1742 1227 Inter-

184 1256 269 1291 jacet
286 1255 363 1282 inter
382 1253 493 1282 ostium
512 1252 642 1281 fluminis
670 1255 701 1280 et
725 1253 806 1280 illam
828 1252 957 1280 insulam
976 1253 1074 1287 Hyllis
1094 1252 1387 1288 paeninsma;,.1.qua‘e
1406 1254 1438 1281 in
1457 1253 1691 1289 septemtriones
1712 1254 1744 1280 et

190 1309 379 1339 occidentem
400 1308 497 1336 solem
517 1310 661 1342 spectans
683 1309 853 1342 angustum,
874 1308 931 1335 sed
952 1311 1123 1342 porrectum
1144 1308 1236 1335 efficit
1255 1304 1363 1341 sinilin,
1384 1309 1414 1336 in
1435 1309 1524 1344 cujus
1546 1310 1625 1337 ostio
1651 1308 1740 1344 quasi

188 1363 448 1401 propugnaculum
463 1364 512 1392 est
523 1361 640 1392 Pharus
653 1361 849 1398 reliquaeque
862 1362 988 1391 insulae.
1016 1362 1188 1399 Suntigitur
1197 1372 1252 1391 eae
1267 1364 1383 1392 insulae
1401 1372 1469 1400 pro
1484 1372 1573 1400 agro
1587 1365 1739 1401 Illyrio,

188 1421 206 1449 i.
223 1428 249 1449 e.
271 1427 310 1449 ex
330 1419 573 1456 interpretatione
588 1418 683 1453 Gellii,
705 1418 793 1454 quasi
814 1418 967 1454 praesidia
987 1418 1058 1454 agri.
1099 1419 1256 1454 Refugium
1271 1419 1409 1454 praebuit
1421 1419 1533 1448 flumen
1553 1421 1583 1448 in
1604 1423 1739 1448 extremo

188 1478 303 1505 tantum
330 1474 408 1504 ostio
435 1474 535 1510 longis
567 1474 696 1502 navibus
723 1473 893 1510 navigabile
924 1476 1019 1503 tutum
1045 1474 1212 1510 lllyriorum
1238 1475 1373 1504 liburnis.
1418 1477 1520 1511 Atque
1547 1476 1586 1505 de
1610 1475 1738 1512 Illyricis

190 1529 363 1568 fragmentis
384 1529 472 1560 nobis
494 1528 616 1566 quidem
637 1528 781 1558 dubitatio
801 1528 905 1558 relicta
925 1537 986 1559 non
1005 1530 1132 1559 videtur.
1174 1531 1246 1567 Qua·
1264 1538 1297 1559 re
1318 1534 1490 1560 commotus
1509 1531 1644 1561 Niebuhr
1662 1531 1739 1560 scri-

190 1586 285 1622 pserit
303 1587 323 1614 l.
344 1586 364 1613 1.
389 1584 448 1614 der
470 1581 628 1623 iuyrische
646 1582 746 1623 Kriey
771 1583 853 1614 wird
876 1583 917 1614 im
940 1583 1080 1615 sechslen
1104 1583 1193 1616 Buch
1216 1583 1450 1626 vorqekommen
1482 1584 1564 1624 sein,
1588 1584 1673 1617 niam
1697 1584 1738 1615 im

185 1638 325 1678 faustam,
346 1647 405 1668 non
426 1640 567 1667 intellexi.
587 1652 628 1658 —
646 1640 734 1675 Frgg.
750 1640 788 1668 95
810 1644 841 1668 et
854 1641 891 1669 96
913 1648 973 1676 quo
995 1642 1055 1669 sint
1074 1641 1241 1675 referenda,
1263 1641 1385 1670 dubium
1406 1649 1467 1670 non
1488 1645 1553 1681 est;
1575 1643 1613 1671 de
1633 1642 1686 1679 frg.
1699 1640 1738 1671 96

190 1705 282 1738 supra
293 1695 351 1731 (ΙΙΙ,
365 1704 395 1731 p.
409 1695 459 1730 36)
476 1696 539 1731 jam
554 1695 682 1731 scripsi;
702 1697 777 1725 satis
793 1700 841 1725 est
853 1696 883 1725 h.
898 1698 918 1725 l.
932 1705 1023 1724 unum
1037 1697 1244 1732 adscripsisse
1262 1699 1468 1727 testimonium
1486 1707 1503 1726 e
1524 1701 1624 1727 multis
1638 1700 1738 1726 valer.

189 1742 266 1782 Max.
277 1750 325 1786 ΙΧ,
336 1750 354 1779 5
368 1753 427 1779 ext.
435 1749 462 1779 3.
472 1765 513 1770 —-
524 1750 592 1786 Frg.
604 1749 642 1779 95
657 1750 761 1780 iterum
774 1751 966 1788 perlustranti
977 1750 1049 1780 mihi
1060 1752 1161 1781 locum
1170 1760 1240 1781 num
1250 1755 1333 1781 recte
1346 1753 1419 1782 huic
1432 1755 1509 1783 libro
1522 1755 1741 1791 adscripserim

191 1806 359 1844 (Wagener
378 1808 409 1834 et
426 1804 505 1835 Roth
525 1811 564 1833 ex
585 1805 700 1841 ordine,
722 1813 811 1843 quem
832 1806 920 1842 falso,
940 1809 973 1836 ut
992 1814 1086 1844 supra
1106 1807 1390 1844 demonstravimus,
1411 1808 1610 1845 instituerunt,
1631 1812 1738 1847 quarto

188 1863 264 1892 libro
284 1859 486 1896 inseruerunt)
500 1860 564 1897 jam
584 1861 707 1890 dubium
727 1860 799 1890 mihi
818 1861 945 1890 videtur.
985 1862 1086 1891 Locus
1106 1863 1315 1900 Vergilianus,
1343 1872 1434 1901 quem
1454 1866 1664 1902 interpretatur
1689 1865 1740 1895 his

189 1917 290 1948 verbis
305 1917 439 1952 Servius,
459 1919 508 1946 est
518 1916 568 1945 ille
578 1916 699 1952 quidem
714 1916 752 1945 de
764 1917 937 1947 Hannibalis
958 1918 987 1946 in
1000 1918 1115 1947 Italiam
1128 1920 1255 1949 transitu
1270 1923 1301 1949 et
1311 1921 1451 1951 laudatur
1462 1924 1583 1957 praeter
1594 1922 1741 1952 Catonem

192 1974 280 2004 etiam
304 1972 415 2003 Livius.
466 1973 537 2010 Ipsa
557 1979 594 2001 ea
615 1972 716 2008 verba,
738 1973 822 2009 quod
848 1980 905 2010 ego
933 1974 1130 2010 meminerim,
1158 1983 1219 2006 non
1244 1979 1316 2006 sunt
1341 1977 1422 2015 apud
1446 1977 1577 2016 Livium;
1602 1977 1742 2015 proxime

190 2031 310 2059 accedit
327 2030 359 2058 id
379 2030 462 2065 quod
474 2029 577 2057 Livius
598 2029 628 2057 in
647 2036 680 2057 re
695 2029 785 2065 plane
805 2029 864 2058 alia
883 2030 956 2059 dicit
975 2030 1115 2065 (XXXDI,
1130 2031 1181 2067 54)
1209 2030 1307 2071 Alpes
1322 2041 1429 2073 prope
1459 2031 1742 2072 inexsuperabilem

187 2083 275 2124 finem
294 2086 397 2114 Italiae
417 2093 497 2113 esse.
539 2085 655 2120 Quodsi
674 2085 777 2113 Livius
798 2086 857 2114 illis
877 2086 979 2114 verbis
994 2086 1165 2116 catonianis
1186 2088 1216 2116 in
1238 2089 1441 2119 describendo
1461 2090 1566 2118 itinere
1585 2090 1742 2119 Hanniba-

190 2141 249 2171 lico
269 2148 346 2170 usus
367 2149 428 2171 non
449 2143 506 2176 est,
528 2135 617 2169 etiam
637 2141 719 2177 apud
734 2141 877 2170 Catonem
889 2150 950 2171 non
964 2143 1140 2173 necessario
1156 2143 1195 2172 ad
1209 2144 1321 2174 bellum
1333 2146 1562 2174 Hannibalicum
1581 2146 1743 2175 referenda

190 2200 269 2232 sunt,
291 2196 348 2226 sed
369 2197 498 2226 secundi
518 2196 614 2225 fuisse
634 2196 701 2225 libri
721 2197 856 2233 putanda
874 2199 952 2226 sunt.
995 2199 1182 2236 Quamquam
1202 2209 1262 2229 non
1284 2201 1407 2229 multum
1428 2201 1563 2236 interest,
1585 2209 1647 2238 qno
1668 2202 1740 2230 loco

189 2259 297 2288 ponas.
316 2267 357 2272 —
383 2252 450 2281 Jam
468 2255 590 2281 ventum
611 2255 659 2281 est
685 2252 725 2281 ad
746 2260 799 2281 eas
819 2253 980 2289 reliquias,
1008 2262 1086 2291 quae
1113 2256 1242 2285 maxime
1273 2256 1431 2286 doctorum
1456 2256 1614 2287 homiuum
1639 2257 1740 2287 studia

191 2307 395 2345 excitaverint,
416 2308 455 2339 ad
476 2309 639 2340 orationem
660 2316 715 2346 pro
735 2308 962 2340 Rhodiensibus
984 2309 1125 2342 habitam.
1166 2312 1273 2343 Habita
1295 2315 1343 2343 est
1363 2314 1457 2345 oratio
1486 2323 1565 2345 anno
1592 2314 1737 2351 quingen-
