1980 2649
969 168 988 199 2

152 263 347 300 ·?plieaverat
367 263 526 293 Cornelius
548 263 654 299 Nepos
676 263 706 291 in
729 264 790 291 vita
811 263 936 292 Catonis
959 264 1023 300 jam
1051 264 1170 299 pridem
1191 271 1230 292 eo
1251 266 1393 301 tempore
1414 262 1505 297 edita,
1527 250 1681 291 servatum
1701 261 1761 294 est,

177 326 235 346 nec
257 317 405 353 reliquiae
426 317 570 351 insertae,
600 324 678 353 quas
700 318 751 345 vel
773 318 859 353 pueri
882 318 1081 354 suppeditare
1101 319 1258 355 poteraut;
1281 325 1359 355 quas
1382 319 1482 347 autem
1509 317 1615 352 attulit,
1642 314 1709 352 (irg.
1732 313 1760 344 8.

181 375 226 403 15.
249 374 296 402 52.
312 373 374 408 56),
397 374 425 401 in
441 373 479 401 iis
496 377 558 401 tam
572 374 765 408 negligenter
785 374 855 409 egit,
877 376 911 401 ut
931 374 1105 402 memoriter
1124 381 1179 402 eas
1200 373 1345 402 retulisse
1366 374 1513 402 videatur.
1554 373 1684 409 Reliqua
1703 378 1764 399 non

178 429 270 464 modo
299 426 399 457 alic'na
420 430 492 457 sunt
513 436 530 456 a
551 426 742 463 Catonianis,
772 428 829 458 sed
860 428 950 457 etium
982 436 1123 464 magnam
1153 431 1270 464 partem
1297 428 1380 457 veris
1414 424 1552 463 reliquiis
1585 429 1763 464 repugnant.

179 483 205 511 3.
234 485 280 511 Ac
303 490 341 511 ne
364 482 466 518 inique
484 481 647 518 judicasse
668 482 777 511 videar
798 483 836 511 de
859 482 993 512 asseclis
1016 483 1174 512 doctrinae
1196 483 1277 512 illius
1298 482 1472 517 Annianus,
1500 489 1539 511 ne
1559 484 1623 512 tum
1644 481 1767 518 quidem

179 539 306 566 deerant
327 540 379 565 aut
399 536 634 573 resipiscebant,
657 544 749 573 quum
777 537 972 567 Antonius
994 527 1239 567 Riccobonus
1265 537 1381 574 primus
1409 536 1557 574 reliquias
1583 540 1615 567 et
1641 537 1768 572 aliorum

178 593 393 621 historicorum
422 595 452 620 et
478 592 515 620 M.
540 592 664 620 catonis
688 592 861 627 ediderat*)
890 593 1063 628 praemissa
1088 592 1305 621 dissertatione
1334 593 1374 622 de
1399 592 1536 635 historia.
1588 592 1624 622 Ei
1650 579 1770 622 accidit

133 638 135 640 ¹
179 646 343 688 consilium
363 655 427 676 non
448 645 541 676 modo
561 645 686 685 αῑίφιοε
706 644 931 676 historicorum
951 645 1107 686 reliquias
1127 646 1296 686 colligere,
1320 654 1429 677 verum
1449 645 1543 676 etiam
1559 654 1625 685 pro
1645 644 1781 676 viribus—

178 702 211 732 z‘n
233 702 375 732 ordinem
393 700 543 741 redigere
564 703 594 730 et
615 700 777 742 aliquibus
794 699 927 731 scholiis
953 700 1128 731 illustrare.
1175 703 1215 734 Jn
1248 702 1430 738 colligendis
1457 702 1595 738 reliquiis
1622 702 1768 731 laudabili

178 766 253 786 usus
277 761 325 785 est
347 757 513 793 diligentia,
536 765 721 793 quamquam
744 758 880 793 neglexit
895 758 1064 793 scriptores
1082 758 1218 785 Graecos
1234 759 1265 785 et
1277 757 1379 793 ipsum
1395 757 1572 789 Ciceronem
1587 757 1768 786 nonnullos-

179 820 238 848 que
261 813 339 840 alios
361 813 467 847 locos;
490 813 547 840 sed
569 812 597 840 in
621 812 798 848 digerendis
821 811 895 847 quid
911 815 1038 840 secutus
1061 812 1109 845 sit,
1132 819 1192 839 non
1208 812 1283 839 satis
1299 806 1435 847 apparet.
1478 812 1505 840 4.
1535 812 1652 840 Deinde
1668 812 1767 840 eidem

177 867 220 895 rei
250 874 375 902 operam
411 866 496 895 dedit
524 866 723 895 Ausonius
752 866 803 895 Po
813 866 950 902 pma**)
974 881 1016 886 —
1044 874 1113 894 nam
1139 866 1290 895 Antonius
1317 866 1509 903 Augustinus
1537 874 1566 894 in
1592 866 1768 903 fragmentis

179 922 395 950 historicorum
424 920 485 955 (ed.
508 922 594 950 Fulv.
625 921 756 950 Ursinus
782 923 930 957 Antverp.
956 918 1057 959 1595.)
1094 921 1261 950 Catoniana
1293 921 1404 955 omisit,
1425 918 1578 957 —-‘quem
1606 924 1690 950 recte
1722 921 1766 951 Js.

176 977 332 1004 Pomanus
364 976 533 1012 fragmenta
553 975 658 1005 multis
682 977 712 1005 et
735 974 827 1005 novis
850 973 1083 1005 accessionibus
1102 974 1299 1014 locupletata
1324 976 1463 1005 edidisse
1485 975 1606 1016 scribit3
1629 975 1767 1005 adhibuit

177 1031 254 1058 enim
284 1031 421 1059 Graecos
451 1032 619 1068 scriptores
653 1035 683 1059 et
710 1031 889 1060 Ciceronem
922 1031 1100 1067 addiditque
1135 1039 1215 1067 quae
1247 1039 1287 1059 ex
1307 1031 1375 1060 aliis
1398 1031 1599 1067 scriptoribus
1622 1032 1767 1060 omiserat

175 1086 385 1114 Riccobonus.
427 1086 471 1114 Ita
497 1087 609 1119 factum
642 1088 704 1120 est,
731 1088 763 1113 ut
790 1086 905 1114 nullum
934 1086 997 1114 iere
1027 1085 1220 1123 spicilegium
1249 1086 1435 1123 relinqueret
1460 1085 1613 1124 posteris,
1643 1086 1703 1116 nisi
1729 1093 1767 1114 ex

178 1141 381 1176 scriptoribus
405 1149 441 1169 eo
464 1144 603 1177 tempore
625 1142 760 1169 nondum
782 1142 921 1177 repertis,
946 1141 1039 1168 veluti
1060 1141 1114 1176 frg.
1138 1141 1169 1176 1;
1197 1144 1227 1169 et
1248 1142 1274 1170 si
1297 1142 1349 1178 qui
1365 1145 1484 1178 ‘postea
1505 1149 1663 1171 numerum
1684 1142 1765 1177 frag-

179 1199 348 1224 mentorum
371 1204 485 1231 augere
508 1197 682 1229 studebant,
705 1197 794 1224 locos
817 1196 988 1228 attulerunt,
1012 1196 1063 1232 qui
1085 1195 1226 1224 subtilius
1250 1196 1487 1232 dijudicantibus
1514 1197 1695 1232 plerumque
1717 1202 1765 1223 re-

181 1251 310 1278 secandi
334 1254 414 1285 sunt,
438 1251 507 1286 quin
531 1251 621 1278 etiam
643 1258 680 1278 ne
704 1258 758 1286 pro
782 1250 956 1278 Catonianis
980 1250 1103 1286 quidem
1126 1250 1270 1279 habendi.
1317 1251 1348 1279 In
1375 1251 1568 1287 disponendo
1598 1253 1698 1279 autem
1724 1251 1765 1278 ita

178 1309 320 1333 versatus
344 1309 402 1339 est,
425 1309 457 1333 ut
479 1314 524 1338 ea,
549 1314 628 1342 quae
651 1309 742 1334 certis
760 1305 915 1341 Originum
938 1305 1022 1333 libris
1045 1313 1062 1333 a
1081 1305 1233 1334 veteribus
1250 1305 1452 1342 scriptoribus
1475 1306 1674 1342 assignantur
1695 1308 1725 1333 et
1746 1313 1764 1333 a

178 1362 302 1397 requuis
327 1361 483 1397 Originum
506 1362 681 1396 fragmentis
706 1364 735 1389 et
758 1362 795 1389 ab
818 1361 865 1394 iis,
890 1368 969 1396 quae
991 1361 1061 1389 solo
1085 1360 1209 1389 Catonis
1232 1360 1353 1389 nomine
1375 1360 1520 1395 teruntur,
1547 1363 1689 1389 accurate
1716 1361 1765 1388 vel

181 1417 280 1451 potius
304 1417 391 1444 nimis
414 1420 557 1444 accurate
581 1419 759 1443 secerneret
780 1418 810 1443 et
831 1423 870 1443 ex
893 1415 972 1443 serie
1000 1423 1100 1443 rerum
1119 1416 1322 1444 Romanarum
1352 1416 1529 1449 collocaret,
1552 1416 1582 1443 id
1605 1415 1765 1451 quodiam

180 1475 268 1499 antea
289 1473 405 1499 lecerat
424 1471 631 1499 Riccobonus.
675 1471 775 1499 Multis
798 1471 848 1498 ille
871 1471 994 1505 quidem
1017 1470 1094 1498 locis
1117 1470 1155 1498 ab
1173 1470 1278 1498 ordine
1293 1470 1521 1499 Riccoboniano
1543 1470 1684 1503 recessit,
1707 1470 1765 1498 sed

180 1527 260 1554 hanc
285 1526 462 1555 varietatem
485 1526 622 1560 pluribus
650 1526 751 1554 verbis
776 1526 931 1561 explicare
959 1532 1016 1553 nec
1046 1533 1124 1560 opus
1154 1528 1202 1553 est
1232 1533 1289 1554 nec
1317 1525 1381 1554 fieri
1403 1529 1521 1561 potest,
1550 1526 1634 1561 quod
1661 1528 1768 1553 neuter

181 1585 264 1610 recte
286 1589 336 1609 res
361 1581 515 1616 disposuit
537 1583 588 1608 aut
609 1580 764 1614 rationem,
789 1588 879 1616 quam
901 1581 930 1609 in
953 1580 1081 1615 singulis
1104 1580 1279 1615 fragmentis
1301 1580 1536 1617 interpretandis
1559 1584 1685 1609 secutus
1710 1584 1766 1612 est,

183 1636 357 1671 explicavit.
402 1635 429 1663 5.
454 1635 598 1671 Popmam
616 1635 726 1664 deinde
749 1635 847 1664 secuti
870 1638 949 1669 sunt,
974 1635 1024 1671 qui
1046 1637 1157 1671 postea
1171 1633 1385 1665 historicorum
1402 1635 1477 1671 lrgg.
1495 1636 1693 1671 collegerunt,
1717 1636 1765 1663 vel

184 1691 287 1725 potius
310 1690 597 1725 transscripserunt,
621 1697 699 1725 quae
720 1693 926 1726 proposuerat
949 1690 1072 1726 Popum,
1096 1689 1205 1718 eodem
1227 1692 1350 1718 servato
1382 1690 1505 1727 ordine;
1535 1697 1573 1720 ex
1602 1698 1662 1728 quo
1690 1692 1766 1719 tem-

185 1754 259 1779 pore
282 1747 427 1780 adjuncta
454 1748 525 1772 sunt
546 1746 688 1772 Sallustio
703 1746 892 1772 Elzeviriano
915 1746 1053 1780 Lugduni
1079 1745 1153 1772 1634
1174 1746 1338 1772 increbruit
1359 1746 1552 1774 consuetudo
1574 1745 1767 1781 reliquiarum

184 1800 402 1828 historicorum
425 1807 493 1827 culn
513 1800 655 1827 Sallustio
679 1799 937 1832 edendarum.***)
980 1800 1042 1827 Sed
1065 1807 1103 1827 ex
1124 1799 1173 1827 his
1196 1800 1306 1827 studiis
1330 1801 1368 1827 ad
1391 1801 1597 1836 cognitionem
1613 1798 1767 1835 Originum

187 1855 420 1884 Catonianamm
442 1853 515 1882 nihil
537 1854 669 1883 utilitatis
691 1854 882 1889 redundavit,
906 1859 935 1883 et
957 1856 983 1884 si
1006 1856 1074 1891 quis
1099 1856 1138 1884 de
1160 1855 1376 1884 historicorum
1397 1856 1603 1885 Romanorum
1628 1856 1766 1891 reliquiis

187 1911 264 1938 bene
275 1918 309 1939 se
322 1909 459 1938 meritum
470 1917 542 1938 esse
556 1912 636 1938 reete
650 1910 800 1945 gloriatur,
816 1918 854 1939 ex
867 1911 934 1940 aliis
948 1910 1103 1939 historicis
1120 1910 1217 1947 gloria
1232 1910 1283 1938 illa
1298 1899 1438 1946 quaesita
1454 1914 1510 1945 est,
1527 1919 1632 1940 nonex
1641 1911 1766 1940 Catone.

285 2018 309 2047 ⁸)
327 2019 416 2042 Venet.
437 2017 506 2041 1568.
525 2018 605 2042 iterat.
623 2019 701 2043 Busii.
722 2020 781 2044 1579
799 2024 823 2043 et
840 2027 895 2043 eum
912 2020 985 2043 Livio
1003 2020 1120 2044 Francos.
1141 2019 1209 2044 ¹628.

285 2065 319 2092 ”)
337 2065 436 2095 Fragm.
454 2065 519 2088 Hist.
537 2065 603 2087 Vett.
621 2052 750 2088 Latinsab
768 2068 864 2090 Auson.
884 2068 982 2097 Popmn
998 2067 1082 2090 Frisio
1102 2067 1220 2096 collecta,
1238 2067 1372 2090 emendem
1388 2060 1536 2091 etScboiiis
1553 2066 1688 2089 illustrata.
1708 2067 1769 2090 Am-

189 2111 283 2135 stelod.
304 2112 373 2136 1620.
409 2111 551 2136 estoniana
566 2111 654 2141 fragm.
673 2112 747 2136 etism
765 2113 869 2138 Catonis
887 2114 952 2137 libro
971 2114 1003 2138 de
1020 2122 1046 2137 re
1063 2114 1158 2138 rustica
1174 2115 1265 2138 eodem
1282 2121 1349 2137 anno
1366 2113 1526 2137 Frmekerae
1543 2113 1614 2137 edito
1632 2113 1733 2144 sdJeeit.

287 2159 335 2188 '⁸‘)
352 2159 418 2183 Edd.
435 2159 622 2183 Janssonianae
640 2167 671 2183 ex
691 2167 740 2185 rec.
762 2161 865 2192 Rutgeri
882 2162 1069 2186 Hermannidse
1087 2161 1232 2190 Amstelod,
1255 2160 1326 2185 1661.
1346 2160 1416 2185 163⁷.
1435 2160 1506 2189 168⁴,
1532 2160 1645 2185 Snmncli
1663 2161 1771 2185 Grosser

190 2207 284 2231 Dresd.
304 2206 376 2236 1697,
393 2207 500 2237 Josephi
517 2208 607 2231 Wasse
625 2207 769 2238 Cantabrig.
789 2209 858 2238 1710,
887 2209 1002 2239 Cajetnni
1022 2209 1111 2239 Vuipii
1130 2209 1218 2233 Patav.
1238 2210 1309 2238 1722,
1333 2208 1365 2233 G.
1385 2207 1469 2231 Cottii
1479 2207 1549 2238 Lips.
1568 2207 1632 2232 1:24
1648 2208 1770 2232 etiterum

192 2255 281 2278 Venet.
302 2253 373 2283 1737,
398 2253 508 2284 sigberti
524 2255 690 2287 Havercamp.
708 2255 797 2287 Ultraj.
819 2256 894 2285 1742,
923 2256 990 2280 Petri
1015 2256 1103 2281 Miller
1119 2255 1205 2280 Berol.
1225 2254 1295 2285 1751,
1313 2255 1419 2279 extremi
1437 2254 1544 2285 denique
1568 2255 1594 2279 in
1615 2262 1646 2280 eo
1671 2256 1769 2286 agmine

187 2303 276 2325 Caroli
294 2302 431 2325 Frotscher
445 2302 514 2331 Lips.
533 2301 602 2326 1825.
