1980 2649
950 171 988 202 45

188 268 314 295 eausam
330 265 457 295 ‘difficile
475 267 527 294 est
546 265 689 294 im'¹e11ire⁴
730 266 911 304 Scriptores,
931 269 1042 305 quibus
1065 268 1139 298 Cato
1161 266 1427 301 adnumerabatur,
1452 268 1487 294 et
1511 264 1564 301 qui
1584 264 1656 292 aute
1683 269 1752 291 eum

183 325 219 351 ‘et
236 322 421 358 qui-postea
439 321 585 350 historias
605 323 803 360 scripserunt,
825 325 974 353 annalium
996 327 1082 353 erant
1107 325 1288 360 scriptores,
1318 322 1402 359 quod
1426 321 1545 350 induxit
1569 320 1753 356 scriptorem

185 377 287 407 iuliis
305 377 401 407 rebus
421 384 484 406 non
504 376 546 406 ita
565 377 753 414 diligentem,
783 383 817 408 ut
841 381 931 408 etiam
952 380 1093 416 Origines
1117 382 1244 423 vocaret
1270 379 1406 407 annales.
1451 377 1676 412 comprobatur
1699 381 1752 403 res

184 433 257 463 loco
279 431 479 463 Ciceroniana
499 432 538 462 de
558 436 631 464 orat.
653 434 687 470 Π,
711 434 757 470 12,
777 434 814 465 51
837 443 923 473 sqq„
950 436 1000 477 cui
1019 434 1109 471 adde,
1132 436 1160 466 si
1179 436 1289 472 placet,
1317 435 1356 464 de
1382 433 1503 470 legibus
1532 433 1554 467 1,
1574 431 1603 466 2,
1624 431 1652 460 6.
1695 429 1752 466 Qui

186 489 289 525 priore
308 489 381 518 loco
394 488 443 517 usi
458 491 536 524 sunt,
555 492 590 518 ut
603 490 851 520 demonstrarent
860 491 949 521 etiam
962 491 1106 521 Catonem
1124 492 1260 526 annales,
1281 499 1342 520 non
1356 489 1490 526 origines
1511 486 1751 523 conscripsisse,

185 552 248 573 non
268 544 480 573 intellexerunt
499 545 540 573 de
560 552 672 581 genere
693 537 814 575 dicendi
834 547 895 576 illic
923 547 1077 576 disserere
1104 547 1296 581 Ciceronem,
1327 553 1388 574 non
1417 545 1456 574 de
1481 544 1559 580 ipsis
1586 543 1696 577 rebus,
1717 542 1747 570 in

185 600 299 636 quibus
321 599 465 629 Catonem
479 602 611 631 annales
633 602 782 631 maximos
804 602 893 639 sequi
913 602 1092 632 noluisse
1111 602 1211 638 ipsius
1231 601 1406 631 testimonio
1428 602 1558 629 constat.

940 684 1002 731 V.

228 766 254 796 1.
284 767 322 796 Iu
343 767 484 803 quibus
506 767 763 804 (Originibus)
785 770 898 799 multa
918 771 1105 799 industria
1126 772 1162 799 et
1181 769 1381 805 diligentia
1401 770 1610 803 comparet,
1632 764 1748 793 multa

188 823 370 852 doctrina.
410 824 511 860 Atque
533 824 687 861 diligentia
700 828 732 854 et
749 825 897 855 industria
911 826 1034 855 Catonis
1055 826 1241 854 multifariam
1261 826 1400 853 laudatur
1419 824 1509 852 etiam
1528 822 1559 850 in
1574 820 1747 856 Originibus

189 878 431 908 conseribendis.
472 879 550 908 Vide
570 880 772 909 Romanorum
794 881 965 910 testimonia
986 889 1079 918 supra
1098 882 1146 916 111,
1169 881 1195 916 1,
1217 889 1246 917 p.
1268 880 1316 915 26,
1338 888 1377 909 ex
1397 878 1522 909 Graecis
1543 878 1639 911 adde,
1667 883 1748 912 quos

187 934 378 963 laudavimus
400 935 455 971 i'rg.
476 935 495 964 7
515 938 546 964 et
565 935 613 965 28.
653 935 749 964 Etiam
771 937 939 965 doctrinam
962 938 1045 973 quod
1065 937 1177 973 adjecit
1194 937 1298 972 Nepos
1319 936 1424 963 mirum
1445 943 1506 963 non
1527 934 1656 966 videtur,
1678 939 1748 959 narn

186 996 249 1018 non
264 986 366 1027 facile
383 989 526 1028 reperiri
541 992 649 1029 potest
667 998 765 1030 neque
784 989 825 1021 de
844 990 978 1022 Graecis
996 1000 1094 1031 :neque
1113 990 1153 1021 de
1178 990 1300 1020 Italicis
1319 989 1431 1025 rebus,
1457 988 1544 1029 quod
1563 988 1594 1018 ez·
1613 985 1745 1022 (Catoni)

183 1041 285 1082 fuerit
294 1043 491 1085 incoynitum.
532 1047 565 1075 Id
582 1054 674 1075 unum
692 1049 797 1083 potest
814 1054 886 1076 esse
905 1050 1082 1084 suspectum
1103 1055 1158 1076 nec
1177 1047 1339 1076 summario
1357 1046 1433 1075 satis
1451 1044 1648 1077 conveniens,
1663 1042 1747 1078 quod

187 1100 235 1128 bis
255 1101 358 1136 posita
379 1108 458 1130 voce
477 1101 575 1131 multa
595 1101 753 1138 anaphora
772 1110 848 1131 usus
871 1106 919 1131 est
938 1103 1051 1139 Nepos.
1092 1103 1174 1131 Haec
1196 1105 1296 1135 utrum,
1316 1109 1411 1130 causa
1430 1100 1527 1134 fuerit,
1549 1107 1588 1127 an
1608 1098 1675 1132 alia,
1694 1103 1748 1124 cur

187 1155 364 1192 Nipperdey
389 1159 533 1185 revocata
565 1157 696 1186 lectione
722 1157 850 1185 duorum
876 1157 1018 1193 codicum
1039 1150 1196 1193 scripserit
1215 1156 1302 1185 nulla
1326 1154 1474 1190 doctrina
1494 1155 1526 1183 id
1547 1154 1671 1190 quidem
1691 1159 1746 1179 ue-

188 1209 263 1244 scio,
285 1211 344 1239 sed
365 1218 426 1247 quo
447 1212 539 1241 modo
560 1212 771 1248 interpretatur
791 1220 828 1241 ea
848 1198 941 1242 verba
963 1221 1028 1241 eam
1050 1213 1195 1241 rationem
1216 1211 1288 1240 mihi
1309 1220 1369 1241 non
1391 1210 1611 1247 comprobavit.
1651 1208 1749 1243 Negat

157 1261 159 1264 ’
187 1265 266 1294 enim
287 1266 454 1303 scripsisse
475 1268 504 1296 in
526 1268 697 1304 Originibus
720 1268 878 1311 Catonem,
901 1269 973 1304 quid
995 1269 1268 1305 sibi'judicandum
1289 1268 1442 1296 videretur
1455 1268 1494 1296 de
1508 1266 1637 1302 singulis
1652 1265 1746 1293 rebus

188 1320 290 1356 (keine
312 1320 465 1359 gelehrten
486 1323 683 1353 Ressexionen
703 1324 765 1353 und
786 1321 1081 1361 Untersuchungen),
1103 1332 1182 1360 quae
1202 1323 1404 1359 interpretatio
1425 1331 1483 1352 nee
1510 1322 1586 1358 ipsis
1610 1319 1747 1356 reliquiis

188 1376 238 1412 (ci.
264 1377 338 1414 frgg.
366 1377 405 1408 84
431 1381 462 1407 et
488 1378 517 1414 c)
550 1380 732 1414 defenditur,
760 1382 790 1408 et
815 1380 878 1414 vis,
911 1388 999 1416 quam
1035 1388 1108 1409 esse
1134 1380 1207 1408 dicit
1232 1380 1325 1408 verbo
1357 1379 1528 1411 doctrinae,
1562 1384 1746 1413 quamquam

190 1433 327 1468 proxime
353 1434 473 1462 accedit
499 1434 538 1462 ad
565 1435 744 1463 sententiam
769 1434 941 1464 Doederlini
963 1434 1090 1472 (Synon.
1111 1435 1148 1469 V,
1174 1443 1203 1471 p.
1224 1434 1295 1471 268)
1321 1434 1403 1464 haud
1430 1434 1496 1464 scio
1523 1441 1561 1463 an
1587 1439 1694 1461 revera
1720 1431 1747 1459 ei

188 1496 250 1517 non
271 1490 366 1517 fuerit.
407 1490 554 1526 Exempla
575 1493 657 1518 certa
678 1493 759 1518 certe
775 1493 859 1518 erant
872 1490 1035 1519 afferenda.
1077 1490 1104 1518 2.
1128 1491 1241 1526 Quibus
1263 1491 1395 1519 sontibus
1416 1498 1492 1519 usus
1513 1490 1553 1518 sit
1567 1488 1640 1517 Cato
1657 1487 1745 1523 igno-

188 1547 276 1573 ratur.
319 1545 373 1581 Qui
394 1553 444 1574 res
460 1546 612 1574 Romanas
635 1546 800 1581 scripsisse
822 1550 926 1582 putant
937 1546 1091 1579 Catonem,
1113 1547 1195 1574 multi
1208 1547 1249 1574 illi
1271 1546 1393 1582 quidem
1409 1549 1480 1574 sunt
1499 1545 1528 1573 in
1541 1543 1747 1580 praedicanda

188 1599 329 1628 felicitate
356 1601 438 1636 ejus,
471 1601 583 1637 quippe
610 1600 657 1629 cui
687 1601 840 1630 consulari
874 1601 987 1630 homini
1013 1603 1043 1629 et
1068 1601 1208 1631 censorio
1235 1610 1370 1631 summae
1398 1600 1550 1638 dignitatis
1576 1598 1614 1628 ad
1646 1598 1746 1627 omnia

189 1663 248 1682 non
271 1656 362 1683 modo
388 1657 599 1690 Romanorum,
621 1663 727 1684 verum
754 1657 842 1685 etiam
867 1657 1048 1693 reliquarum
1075 1656 1227 1685 civitatum
1252 1657 1421 1685 Italicarum
1447 1655 1594 1685 tabularia
1617 1653 1748 1690 patuerit

188 1710 303 1746 aditus;
330 1719 385 1746 pro
414 1714 496 1740 certo
518 1714 634 1747 ponunt
658 1711 870 1740 Praenestinas
902 1710 969 1747 (frg.
989 1712 1056 1747 60),
1083 1713 1221 1740 Aricinas
1245 1711 1311 1748 (srg.
1332 1711 1399 1747 56),
1425 1712 1583 1740 Amerinas
1605 1710 1672 1745 (irg.
1694 1709 1746 1744 55)

190 1774 259 1794 eum
280 1767 455 1803 inspexisse
476 1768 606 1801 tabulas,
629 1767 753 1795 laudant
773 1768 873 1796 locum
895 1766 1051 1796 Ciceronis
1074 1767 1126 1802 (de
1147 1770 1263 1796 seneet.
1287 1768 1333 1802 11,
1355 1767 1422 1802 38),
1450 1775 1510 1803 quo
1531 1767 1601 1795 loco
1621 1765 1666 1794 sic
1689 1765 1747 1793 do-

188 1826 307 1851 centem
328 1823 442 1850 inducit
463 1822 567 1851 Cicero
591 1822 749 1851 Catonem:
789 1820 945 1860 Septimus
964 1821 1040 1851 milti
1058 1821 1139 1851 liber
1161 1821 1320 1861 Om'yz'num
1341 1821 1439 1851 est-in
1458 1820 1614 1857 manibus,
1639 1820 1745 1850 omnia

188 1876 387 1917 antiquitatis
413 1880 605 1907 monumenta
631 1877 758 1916 colligo,
782 1886 962 1907 caussarum
986 1877 1153 1907 illustrium
1179 1886 1378 1917 quascunque
1398 1875 1535 1916 defendi.
1552 1885 1634 1906 wne
1652 1885 1747 1917 quum

189 1931 318 1964 inaxime
337 1931 468 1972 conficio
489 1933 660 1969 orationes,
670 1931 729 1972 jus
741 1934 915 1973 augurium,
933 1931 1136 1971 pontificium,
1158 1932 1250 1963 civile
1263 1936 1380 1971 tracto,
1398 1934 1523 1964 multum
1537 1932 1630 1963 etiam
1642 1931 1747 1962 Grae-

189 1989 235 2020 cis
255 1987 355 2020 literis
374 1991 456 2019 utor.
497 1989 541 2019 Ne
562 1988 621 2019 hoc
636 1990 757 2027 quidem
772 1990 842 2019 loco
859 1989 1064 2026 quaerendum
1076 1989 1204 2025 videtur,
1227 1989 1300 2026 quid
1314 1990 1419 2020 Catoni
1432 1990 1532 2019 iacere
1546 1989 1674 2025 licuerit,
1690 1990 1749 2018 sed

190 2048 261 2084 quid
283 2054 315 2076 re
335 2054 407 2075 vera
421 2046 534 2075 fecisse
549 2047 701 2083 putandus
717 2046 765 2075 sit.
807 2046 838 2076 Si
857 2046 886 2075 in
901 2045 1018 2075 Cereris
1034 2046 1110 2075 aede
1125 2037 1254 2083 aliisque
1268 2047 1346 2076 locis
1361 2046 1529 2075 tabularum
1545 2046 1575 2074 in
1589 2046 1750 2082 pulverem

190 2111 225 2132 se
251 2103 451 2131 immersisset
487 2105 517 2129 et
547 2103 586 2130 ad
618 2102 775 2130 historiam
801 2102 967 2130 Romanam
994 2102 1186 2130 scribendam
1219 2102 1318 2130 omnia
1344 2101 1526 2137 antiquitatis
1553 2104 1750 2130 monumenta

190 2158 377 2194 collegisset,
398 2157 510 2186 nihilne
530 2164 598 2186 eum
618 2157 790 2194 putabimus
805 2157 877 2186 inde
890 2157 1042 2192 retulisse,
1058 2157 1142 2194 quod
1156 2161 1322 2187 memoratu
1337 2158 1460 2194 dignum
1473 2158 1629 2186 videretur
1642 2161 1749 2194 poste-

188 2214 318 2243 rioribus
340 2215 538 2250 scriptoribus
566 2216 596 2242 et
622 2214 810 2249 discreparet
830 2221 848 2241 a
868 2213 1091 2248 superioribus,
1118 2213 1178 2241 nisi
1205 2214 1287 2249 quod
1306 2213 1437 2242 tribuum
1457 2213 1672 2241 Servianarurn
1692 2221 1748 2241 nu-

189 2277 304 2298 merum
325 2277 384 2298 non
407 2270 523 2298 addidit
543 2273 572 2297 et
587 2270 721 2298 definivit
737 2270 877 2306 jugerum
898 2277 1062 2303 numerum,
1084 2276 1163 2304 quae
1185 2269 1311 2297 dedisse
1332 2270 1441 2297 dicitur
1460 2267 1749 2301 LatinusAeneae?

190 2325 251 2355 Sed
272 2325 319 2355 fac
342 2328 371 2355 et
396 2325 523 2358 licuisse
544 2326 648 2358 Catoni
675 2329 704 2357 et
729 2325 867 2357 voluisse
891 2333 959 2356 eum
985 2325 1067 2356 adire
1092 2325 1211 2356 tabulas
1240 2326 1484 2363 antiquissimas,
1511 2328 1581 2364 quis
1608 2325 1747 2362 potuisse

1847 408 1968 489 §gl
