1980 2649
965 139 1003 167 35

195 241 304 270 essent
325 213 427 275 gesta,
454 233 585 271 singulis
606 233 765 264 annalibus
787 234 856 264 anni
877 235 1027 272 cujusque
1048 238 1080 264 et
1099 234 1277 263 consulibus
1300 237 1330 263 et
1348 233 1541 270 praetoribus
1561 234 1761 271 praescripfis

193 294 331 330 indicari,
352 291 525 323 nominihus
544 289 771 327 magistratuum
790 290 916 321 omissis
938 291 1011 328 quid
1037 298 1093 328 per
1112 291 1257 320 consules
1277 293 1498 328 praetoresque
1519 293 1640 328 gestum
1658 293 1761 329 esset3

195 351 280 391 quod
299 351 330 380 in
349 351 433 379 tanto
454 348 668 384 imperatorum
688 354 830 382 numero,
851 350 983 384 quantus
1003 355 1059 384 per
1077 348 1159 377 bella
1176 346 1291 376 Punica
1310 347 1435 382 luisset,
1456 346 1598 377 sumcere
1618 355 1681 378 non
1700 356 1760 385 po-

144 417 148 420 ·
192 408 313 437 misset.
340 406 443 440 Atque
464 402 504 431 de
518 402 701 438 reliquorum
715 403 866 431 bellorum
880 403 1010 432 ducibus
1024 411 1114 438 quam
1123 405 1207 431 recte
1216 402 1400 438 judicaverit
1412 402 1599 439 Nipperdey,
1613 404 1758 433 nolumus

193 463 225 493 h.
240 463 261 492 l.
276 462 448 498 explorare,
468 458 526 488 sed
545 458 711 488 notandum
726 460 784 493 est,
805 458 960 494 vulgatam
981 459 1020 488 de
1040 459 1132 489 rebus
1153 459 1184 487 in
1196 458 1365 494 Originibus
1380 458 1561 495 perscriptis
1584 459 1757 495 opinionem

193 517 317 548 defendi
335 523 397 544 non
417 522 528 551 posse,
554 514 612 543 nisi
640 514 786 550 derogata
805 513 835 542 h.
856 514 876 543 l.
897 513 958 543 fide
978 513 1083 549 Plinio,
1111 522 1201 550 quem
1222 522 1297 542 sane
1318 514 1441 550 quidem
1462 514 1588 543 multum
1610 516 1706 545 fuisse
1726 518 1757 546 in

193 572 334 611 legendis
356 570 527 607 Originibus
556 570 650 599 multa
669 569 834 606 fragmenta
855 570 974 599 docent.
1015 569 1185 598 Notandum
1212 572 1310 598 autem
1338 572 1387 599 est
1412 569 1502 599 etiam
1522 570 1570 605 id,
1599 573 1685 608 quod
1711 573 1778 620 vir¹

193 630 233 659 de
252 626 407 658 historicis
428 626 541 655 Latinis
562 633 623 654 non
643 625 834 655 mediocriter
854 625 977 656 meritus
999 628 1030 654 et
1049 628 1131 655 recte
1151 625 1183 655 id
1206 625 1328 662 quidem
1350 625 1501 661 concedit,
1518 626 1755 669 JULQQSEW
1771 637 1775 676 ἱ

192 685 267 715 riam
287 684 437 715 bellorum
449 682 631 711 Punicorum
651 681 744 711 scribi
764 689 824 711 non
845 689 952 719 posse,
974 681 1032 711 uisi
1053 681 1163 711 additis
1183 681 1399 719 imperatorum
1419 681 1601 712 nominibus.
1644 678 1773 714 Caedi-¹

193 743 273 771 cium
293 740 418 777 quidem
443 738 620 767 nominasse
646 738 767 766 videtur
798 737 866 774 (trg.
888 737 956 773 84),
984 745 1166 774 quamquam
1187 738 1277 766 etiam
1298 738 1336 766 dc
1357 738 1415 767 hac
1435 745 1470 767 re
1489 742 1594 775 potest
1614 740 1753 776 dubitari,

192 796 251 825 sed
269 795 298 824 is
318 795 350 823 iu
369 794 482 822 ducum
507 793 689 822 Punicorum
713 793 863 822 bellorum
890 800 1015 821 numero
1040 793 1145 822 haberi
1171 801 1233 821 non
1258 796 1368 828 potest.
1417 793 1474 829 Qui
1500 794 1612 822 factum
1639 796 1693 830 sit,
1720 799 1754 824 ut

193 852 305 881 ducum
325 849 448 878 nomina
467 849 581 878 addere
601 849 710 884 nollet,
730 848 764 877 id
785 849 944 885 explorare
964 848 1100 884 plerique
1121 848 1295 883 noluerunt,
1325 848 1385 878 nisi
1405 849 1490 885 quod
1516 849 1595 878 unu's
1622 853 1654 879 et
1677 852 1755 881 alter

191 906 296 935 miram
316 904 468 941 quandam
486 903 719 934 obstinationem
739 906 831 941 atque
852 903 1071 933 contumaciam
1084 903 1262 939 Scipionum
1277 903 1347 932 odio
1368 903 1435 932 sive
1455 904 1515 933 alia
1534 912 1568 934 re
1588 905 1752 936 conflatam

192 961 259 998 ejus
284 960 329 990 rei
355 967 481 990 causam
506 967 580 989 esse
600 962 749 996 putarunt.
790 959 882 989 Solus
903 959 1012 988 Wilms
1033 959 1053 988 l.
1073 959 1092 988 1.
1113 966 1143 995 p.
1166 957 1214 993 10,
1236 959 1339 987 mirum
1366 966 1440 989 esse
1470 963 1562 996 negat
1585 968 1678 1001 qun
1703 970 1751 993 ω.

191 1014 324 1045 cmtdun
343 1013 544 1044 Hutarclmm
564 1013 644 1044 Cato
663 1013 744 1044 hanc
762 1012 889 1053 imperii
905 1012 1042 1044 Romani
1059 1012 1222 1043 historiam
1242 1022 1279 1043 eo
1299 1016 1417 1043 tamn·
1434 1014 1566 1045 οωιείἱίο
1586 1018 1750 1058 conscrip-

190 1071 282 1106 serit,
300 1070 383 1100 ande
398 1069 483 1111 filius
500 1070 629 1109 patriae
649 1073 679 1099 et
691 1068 841 1110 majorum
859 1078 927 1099 rem
937 1078 1098 1111 moresque
1108 1069 1280 1111 perdiscat.
1323 1071 1442 1099 Certum
1463 1072 1585 1108 quidem
1601 1074 1750 1110 judicium

192 1129 232 1157 de
252 1128 402 1157 sententia
421 1128 477 1156 viri
496 1128 666 1156 doctissimi
684 1127 749 1155 fieri
769 1134 830 1155 non
849 1129 968 1163 potest,
996 1128 1079 1163 quod
1107 1134 1198 1162 quum
1223 1126 1377 1162 pollicitus
1406 1130 1506 1162 esset,
1533 1134 1569 1156 se
1586 1127 1687 1166 plura
1711 1129 1752 1161 dc

192 1182 356 1222 Originum
375 1181 468 1212 libris
486 1182 656 1211 allaim-um
679 1183 834 1218 promisso
855 1184 989 1210 nondum
1010 1170 1118 1216 stetit,¹
1140 1183 1197 1210 sed
1224 1189 1283 1209 nec
1305 1183 1344 1209 de
1364 1185 1516 1217 tempore,
1545 1191 1605 1218 quo
1634 1186 1662 1213 si
1689 1194 1750 1215 nou

192 1247 298 1268 omnes
324 1241 355 1267 at
382 1241 463 1267 certe
489 1237 614 1267 extremi
641 1246 698 1267 sex
716 1237 784 1267 libri
805 1236 856 1272 (cf.
878 1246 960 1273 supr.
978 1237 1026 1272 111,
1047 1236 1077 1272 3)
1105 1238 1211 1272 scripti
1235 1238 1409 1271 videantur,
1436 1246 1494 1266 nec
1520 1239 1559 1266 de
1584 1248 1749 1275 puerorum

190 1293 375 1324 institutione
387 1295 501 1323 temere
516 1292 676 1330 judicasse
695 1291 848 1329 putandus
870 1295 927 1322 est.
967 1291 1038 1322 Mihi
1057 1292 1181 1329 quidem
1195 1300 1251 1321 nec
1267 1291 1404 1329 Origines
1420 1300 1457 1321 eo
1471 1294 1600 1324 consilio
1615 1296 1748 1333 scriptae

191 1358 249 1378 nec
268 1350 299 1378 in
319 1350 494 1378 enarrandis
515 1350 607 1378 rebus
629 1349 724 1385 gestis
744 1349 865 1377 nomina
885 1349 995 1378 ducum
1010 1349 1114 1385 pueris
1128 1349 1268 1377 videntur
1282 1356 1354 1377 esse
1367 1349 1531 1378 reticenda.
1574 1351 1746 1383 Teneamus

189 1404 337 1442 tantisper
355 1404 508 1441 vulgatam
528 1403 707 1433 sententiam
722 1403 760 1432 de
776 1403 914 1438 consilio,
937 1403 1019 1440 quod
1034 1404 1063 1432 in
1078 1403 1249 1433 scribendis
1262 1403 1433 1440 Originibus
1447 1403 1596 1435 habuisse
1608 1407 1748 1438 videatur

191 1460 275 1494 Cato,
297 1459 418 1488 defendi
438 1467 498 1487 non
519 1466 615 1495 posse
636 1459 724 1487 salva
741 1458 828 1487 Plinii
840 1457 917 1501 iide;
939 1458 1028 1487 etiam
1042 1459 1145 1495 plures
1165 1466 1217 1488 res
1239 1459 1364 1488 obstare
1383 1461 1475 1495 atque
1495 1460 1639 1499 refragari
1658 1464 1746 1494 vide-

190 1516 300 1550 bimus,
321 1515 349 1543 si
369 1515 399 1542 in
419 1515 557 1550 singulos
572 1514 631 1543 hos
647 1515 741 1542 libros
756 1514 1010 1549 inquisiverimus.
1052 1514 1114 1542 Sed
1130 1515 1194 1550 jam
1207 1521 1325 1547 vereor,
1346 1521 1385 1542 ne
1406 1514 1474 1549 ipse
1494 1518 1746 1553 comprobaturus

189 1570 220 1599 in
239 1570 289 1599 his
309 1571 393 1613 libris
410 1571 525 1606 justam
545 1570 693 1599 bellorum
706 1570 888 1598 Punicorum
900 1570 1074 1597 memoriam
1086 1578 1147 1598 non
1159 1570 1287 1598 infuisse
1301 1570 1332 1598 in
1347 1570 1475 1598 eandem
1497 1572 1745 1608 vituperationem

189 1610 347 1660 incidam,—
360 1611 455 1661 quam
482 1632 538 1654 eos
565 1625 714 1654 meruisse
738 1624 813 1659 dixi,
841 1624 893 1661 qui
918 1627 1031 1654 temere
1058 1630 1193 1655 veterum
1220 1626 1401 1661 scriptorum
1432 1629 1639 1658 auctoritatem
1671 1639 1745 1660 con·
1770 1667 1775 1671 Α

190 1680 375 1717 tempserint.
413 1679 528 1710 Dicitur
541 1679 620 1708 euim
633 1679 747 1723 Nego—s
751 1678 932 1723 QQQ
951 1679 982 1708 in
1003 1682 1109 1717 quarto
1125 1680 1279 1718 Originum
1299 1680 1375 1710 libro
1391 1680 1538 1712 Catonem
1551 1688 1746 1721 persecutum

192 1744 264 1765 esse
283 1737 395 1765 bellum
414 1736 560 1774 Punicum
580 1721 717 1772 primum,
738 1736 767 1763 in
788 1735 891 1771 quinto
906 1736 1083 1764 secundum.
1124 1737 1302 1771 Videamus,
1324 1744 1385 1765 non
1400 1737 1473 1774 quid
1489 1739 1605 1770 deisse
1619 1741 1745 1778 dicatur,

191 1792 248 1821 sed
274 1792 347 1829 quid
372 1799 478 1821 revera
503 1792 611 1821 dixerit
630 1792 743 1827 Nepos.
783 1791 877 1820 Addit
901 1792 996 1830 atque
1020 1789 1097 1821 haec
1122 1790 1226 1822 omma
1245 1790 1443 1830 capitulatim
1461 1796 1533 1824 sumt
1550 1793 1647 1826 dicta.
1679 1795 1745 1834 'Vis

191 1848 275 1876 verbi
296 1848 489 1884 capitulatim,
511 1848 649 1884 quamvis
671 1848 711 1876 sit
729 1847 930 1881 rarissimum,
957 1847 1049 1876 dubia
1067 1848 1163 1876 videri
1183 1856 1243 1876 non
1265 1851 1383 1885 potest;
1413 1857 1482 1878 nam
1507 1852 1632 1881 verbum
1660 1843 1746 1891 capi-

192 1904 243 1931 tali
269 1911 324 1940 pro
352 1904 450 1939 capite
476 1904 544 1932 libri
569 1904 684 1932 ferreae
712 1903 831 1931 demum
858 1902 1012 1931 latinitatis
1041 1906 1098 1931 est.
1141 1903 1298 1938 Significat
1321 1905 1412 1940 igitur
1438 1905 1467 1933 h.
1488 1906 1508 1933 1.
1529 1907 1625 1942 idem,
1654 1913 1747 1946 atque

191 1959 297 1994 altero,
318 1966 377 1995 quo
398 1958 516 1995 legitur,
535 1959 605 1988 loco
626 1958 699 1987 Plin.
720 1958 755 1992 Π,
779 1955 824 1991 12,
845 1957 892 1992 55,
915 1965 976 1994 quo
998 1958 1071 1987 dicit
1090 1955 1229 1988 breviter
1248 1960 1343 1996 atque
1367 1958 1563 1998 capitulatim
1582 1962 1748 2004 attingam,

192 2014 273 2051 apud
285 2015 418 2044 Graecos
434 2015 600 2051 scriptores
612 2013 794 2050 saepissime
807 2010 1031 2050 κεφαλαιωδῶς.
1073 2013 1238 2050 Quaeritur,
1255 2015 1325 2051 quis
1341 2015 1414 2052 quid
1427 2016 1613 2052 capitulatim
1627 2019 1747 2051 dixerit.

192 2070 337 2099 Catonem
357 2070 418 2098 noli
438 2072 559 2106 putare3
580 2076 749 2106 repugnare
769 2069 907 2097 videntur
926 2069 996 2104 ipsa
1015 2069 1141 2105 Nepotis
1162 2070 1267 2105 v‚erba
1289 2071 1340 2108 qui
1361 2074 1442 2100 certe
1464 2072 1659 2109 scripsisset:
1686 2077 1748 2107 At-

192 2124 392 2175 (ιῖῑεᾚῑιὲιι
398 2134 517 2156 omnia
509 2125 782 2166 capitulatim
785 2124 964 2164 scripsit
965 2125 1049 2154 sive
1070 2125 1181 2172 dfxm
1196 2130 1366 2163 repugnant
1379 2123 1461 2157 certe
1469 2119 1578 2165 quum
1581 2131 1678 2160 multa
1689 2133 1749 2162 alia

191 2182 369 2219 fragmenta,
390 2186 452 2212 tum
474 2190 511 2212 ex
530 2182 607 2219 ipsis
627 2181 717 2211 bellis
738 2180 861 2210 Punicis
880 2180 1026 2217 imprimis
1047 2170 1101 2217 irg.
1122 2180 1170 2211 84.
1211 2183 1315 2219 Itaque
1335 2183 1440 2219 Nepos
1462 2183 1538 2213 dixit
1563 2182 1642 2216 hoc:
1668 2186 1747 2217 haec

192 2239 306 2276 omnia,
335 2238 427 2277 (quae
448 2240 487 2269 de
512 2238 672 2270 summario
699 2237 832 2275 quinque
858 2237 1001 2267 librorum
1027 2238 1160 2274 priorum
1186 2240 1277 2269 modo
1305 2240 1535 2277 proposuerat),
1551 2243 1746 2288 capitulatim

151 2293 297 2355 Q
304 2294 341 2323 Et
360 2298 443 2325 recte
464 2296 514 2324 ille
535 2295 674 2333 quidem;
700 2302 769 2323 nam
790 2293 818 2323 in
841 2292 935 2331 primo
957 2293 1033 2324 libro
1055 2294 1158 2325 insunt
1177 2295 1283 2332 multa,
1306 2303 1386 2333 quae
1406 2304 1468 2327 ιιοιι
1489 2301 1563 2328 sunt
1582 2306 1622 2329 ex
1641 2307 1744 2337 regum

1521 2346 1557 2375 δή

1774 621 1778 634 ‹
1806 614 1841 644 a

1932 1544 1980 1590 W

1791 2065 1862 2109 sm
1894 2047 1904 2097 Ῐ
1966 2077 1978 2092 τ

1787 2110 1895 2133 s
