1980 2649
969 149 1006 178 44

202 250 264 271 non
296 244 457 270 recusante
489 240 656 270 Mercklino
690 244 780 272 Aetia
809 244 865 273 des
892 243 989 273 Varro
1025 244 1054 273 in
1082 243 1190 273 Philol.
1224 244 1272 280 111,
1304 253 1337 282 p.
1359 244 1432 281 3⁷0)
1458 246 1545 281 leges
1574 244 1782 282 ‘institutaque

204 298 312 333 quibus
336 296 451 324 sensim
473 297 637 326 constituta
658 302 745 328 esset
764 300 943 337 respublica
962 300 1101 330 Romana
1132 299 1293 336 (Gebaude
1315 301 1371 331 der
1390 300 1594 337 versassung)
1623 303 1655 331 et
1677 306 1781 338 usque

203 354 240 380 ad
262 360 411 381 summum
433 353 588 388 dignitatis
604 355 730 390 gradum
744 359 894 391 provecta
915 356 957 391 (in
973 356 1054 385 ihrer
1067 356 1153 386 Reite
1165 356 1229 385 und
1244 356 1433 393 Ueberreire)
1453 354 1661 395 inscriptionis
1682 357 1780 387 misse

203 416 326 436 causam
356 412 549 436 censuerunt.
597 410 693 439 Nobis
729 413 937 447 quaerendum
973 413 1107 447 videtur,
1142 413 1215 449 quid
1244 413 1327 449 apud
1347 413 1512 442 ‘Romanos
1538 412 1691 450 significet
1716 420 1780 442 vox

201 464 355 500 Originum
391 464 457 493 sive
485 464 624 501 Originis.
672 467 779 496 Cicero
814 468 939 504 quidem
964 469 1039 505 Rep.
1067 470 1102 503 ΙΙ,
1134 469 1145 497 1
1169 462 1271 505 ‘quum
1303 468 1487 505 scripsisset
1514 470 1569 506 trg.
1599 477 1615 498 c
1646 469 1777 498 addidit:

202 519 303 556 Quam
324 518 364 549 ob
384 528 460 557 rem,
480 524 514 550 ut
534 520 589 551 ille
607 521 743 558 solebat,
760 522 809 553 ita
828 532 910 553 nunc
930 533 999 554 mea
1011 526 1139 561 repetat
1152 523 1260 554 oratio
1278 523 1397 563 popula·
1406 523 1590 563 originem,
1610 526 1668 555 sed
1690 525 1780 553 etiam

200 580 349 615 pluralem
371 585 525 606 numerum
547 579 658 614 patitur
679 582 710 607 et
730 587 780 608 res
803 579 853 614 (ef.
865 588 959 616 supra
971 580 1036 616 p.31
1050 579 1111 616 sq.)
1123 583 1155 608 et
1174 588 1252 609 usus
1264 581 1477 610 Romanorum.
1520 581 1609 617 Quod
1629 587 1779 609 nonnum—

204 643 293 671 quam
315 634 507 669 singulariter
527 634 689 662 laudantur
711 634 861 670 Origines,
883 636 977 663 veluti
999 636 1053 672 srg.
1082 632 1140 664 1'07
1162 636 1277 672 quinta,
1299 637 1354 671 srg.
1380 635 1434 664 111
1456 638 1546 664 sexta
1566 635 1673 672 Origo,
1700 636 1781 664 idem

202 690 320 723 accidit,
344 690 427 725 quod
443 689 472 717 iu
488 690 647 719 annalibus
663 690 848 726 saepissime
864 691 975 719 sactum
992 699 1065 720 esse
1080 691 1232 721 videmus.
1266 691 1328 721 Sed
1342 691 1613 720 transscribendus
1627 694 1677 719 est
1690 692 1779 720 locus

200 746 341 775 Livianus
365 746 517 779 consulto,
540 748 572 773 ut
592 746 722 780 videtur,
744 747 925 782 plerumque
945 747 1121 783 neglectus,
1144 755 1183 776 ex
1205 755 1267 784 quo
1289 750 1453 783 appareat,
1482 750 1513 776 et
1537 747 1627 776 unius
1655 753 1781 783 quoque

202 803 299 838 gentis
322 802 487 837 primordia
509 802 657 838 appellari
679 810 776 838 posse
801 803 959 839 pluraliter
980 802 1137 839 Origines,
1171 811 1230 832 nec
1258 803 1407 840 appellari
1433 811 1532 840 posse
1563 803 1702 840 Origines
1729 809 1781 846 res

202 862 306 895 gestas
329 859 438 893 Populi
458 858 594 887 Romani.
617 858 681 888 Liv.
704 859 797 894 praef.
812 859 840 887 4.
882 857 946 887 Res
966 874 1002 878 —
1025 858 1066 887 ab
1089 844 1216 898 exi-qu}
1227 856 1381 897 profecta
1400 847 1500 888 tutti&
1520 867 1558 888 eo
1579 845 1728 893 creverit,
1746 859 1782 886 ut

196 902 260 953 jum
280 911 494 953 mayuitudt'ne
513 910 639 942 laboret
658 921 737 948 snm,-
759 917 788 943 et
807 913 973 953 legentium
989 914 1153 954 plerisque
1173 913 1259 944 haud
1279 913 1391 945 dubito
1411 914 1488 955 quin
1515 912 1670 953 primae
1697 911 1780 942 ori-

197 971 308 1010 yines
327 969 587 1008 proximaque
613 968 844 1009 oriyinibus
863 969 963 999 minus
982 969 1174 1008 praebitura
1193 970 1369 1008 voluptatis
1387 971 1469 1007 sint,
1491 968 1718 1009 festinantibus
1736 968 1782 997 ad

199 1026 292 1056 haec
323 1034 434 1054 nova.
479 1026 534 1054 Alii
558 1026 691 1061 denique
717 1034 787 1053 num
817 1025 928 1065 linqua
954 1024 1085 1055 catonis
1109 1024 1287 1055 Sermonem
1309 1026 1453 1065 patrium
1473 1025 1626 1056 ditaverit
1646 1027 1677 1054 et
1696 1031 1781 1053 nova

199 1090 304 1112 rerum
325 1079 465 1110 Nomina
484 1079 657 1119 protulerit
684 1080 713 1109 11.
737 1082 755 1109 l.
778 1082 918 1111 dubitant
939 1085 969 1110 et
991 1085 1097 1118 putant
1118 1082 1268 1110 Graecum
1294 1090 1405 1111 nomen
1432 1081 1542 1115 κτίσεις
1568 1085 1620 1110 aut
1644 1078 1727 1109 αἴτια
1752 1080 1782 1114 in

199 1139 324 1166 latinum
351 1137 483 1165 vertisse
511 1137 655 1165 Catonem
684 1129 775 1172 quum
798 1137 939 1173 Origines
968 1138 1158 1166 inscriberet.
1208 1138 1318 1167 Contra
1347 1138 1407 1167 hos
1434 1146 1526 1166 unum
1554 1137 1667 1165 sufficit
1691 1142 1781 1170 argu·

199 1197 340 1226 mentum,
365 1193 448 1228 quod
465 1192 572 1221 Graeci
595 1196 809 1221 converterunt
825 1194 967 1229 Origines·
982 1194 1010 1221 in
1026 1189 1246 1230 ἀρχαιολογίαν
1258 1187 1795 1236 εἰνεγςᾳζρχαξολογοιζμῆέᾘᾳέἺζργτρρίᾳηςῆ

199 1250 248 1285 (cs.
265 1251 317 1285 l'rg.
334 1248 395 1284 28).
434 1244 646 1285 Ἀρχαιολογία
667 1251 767 1276 autem
789 1258 953 1286 numquam
969 1250 1121 1286 significat
1141 1249 1317 1278 memoriam
1337 1235 1480 1278 rerum-in
1491 1234 1655 1286 scriptoris
1671 1248 1780 1277 aetate,

199 1307 255 1336 sed
277 1306 442 1341 antiquitus
466 1308 630 1341 gestarum.
673 1305 741 1333 Mea
768 1306 918 1334 sententia
940 1306 978 1333 dc
1007 1306 1180 1341 Originibus
1202 1309 1327 1341 recepta
1351 1306 1457 1333 mirum
1483 1305 1555 1333 nihil
1587 1305 1667 1332 inest
1692 1310 1729 1330 ne
1751 1303 1781 1329 in

198 1362 396 1398 inscriptione
420 1361 553 1396 quidem,
576 1360 634 1388 nisi
658 1361 740 1396 quod
764 1362 838 1389 mira
861 1362 929 1390 visa
950 1365 999 1389 est
1019 1362 1184 1390 veteribus.
1228 1363 1334 1398 Neque
1357 1370 1428 1390 vero
1450 1369 1618 1397 possumus
1640 1360 1710 1388 illos
1742 1365 1780 1386 eo

199 1419 319 1448 nomine
337 1418 515 1453 vituperare.
558 1417 677 1445 Novum
694 1420 758 1445 erat
774 1425 871 1452 genus
884 1418 1035 1445 literarum
1050 1418 1268 1452 Romanisque,
1291 1418 1342 1453 qui
1358 1425 1435 1445 suae
1448 1417 1658 1445 tantummodo
1682 1414 1780 1450 gentis

200 1483 249 1504 rcs
273 1482 309 1503 eo
332 1476 470 1510 tempore
492 1472 684 1509 perscribere
708 1473 859 1507 solebant,
881 1473 973 1509 plane
995 1473 1188 1509 inusitatum;
1218 1474 1403 1509 cogitatione
1423 1473 1538 1508 fingere
1560 1481 1621 1501 non
1643 1473 1782 1507 poterant

199 1539 249 1559 res
272 1531 427 1558 Romanas
450 1536 511 1556 non
534 1536 591 1556 sua
611 1529 745 1564 ipsarum
762 1537 867 1562 causa,
891 1530 947 1557 sed
964 1530 1002 1557 ad
1019 1529 1216 1557 illustrandas
1233 1528 1358 1557 aliarum
1377 1528 1531 1557 civitatum
1554 1528 1686 1564 origines
1710 1533 1782 1554 esse

200 1589 346 1614 narratas.
391 1584 418 1612 2.
452 1585 544 1612 Multo
567 1585 665 1612 minus
689 1585 812 1612 dubium
835 1588 955 1619 poterat
977 1585 1073 1612 videri
1094 1584 1265 1617 veteribus,
1295 1584 1343 1612 cui
1364 1584 1516 1612 literarum
1539 1583 1642 1619 generi
1663 1580 1781 1610 adscri-

201 1643 321 1672 bendae
348 1640 524 1669 viderentur
552 1640 709 1676 Origines;
737 1641 970 1676 adscripserunt
999 1644 1029 1669 et
1065 1640 1170 1669 Graeci
1199 1643 1228 1668 et
1254 1640 1382 1669 Romani
1409 1639 1563 1674 historiis;
1596 1639 1641 1667 sic
1675 1638 1780 1672 Nepos

199 1696 353 1734 historias
371 1693 515 1727 §mihere
534 1694 686 1731 immun,
717 1696 843 1725 Servius
871 1699 947 1725 Aen.
975 1696 1024 1730 VI,
1047 1695 1104 1725 842
1133 1693 1285 1725 historias
1304 1694 1446 1733 scripsit,
1466 1694 1564 1724 multa
1584 1692 1678 1723 etiam
1699 1690 1782 1721 bella

199 1751 348 1791 confecit,
369 1751 513 1781 Plutarch
529 1752 547 1779 l.
564 1752 581 1779 l.
597 1752 645 1786 25,
664 1752 677 1781 1
701 1748 903 1780 Συνετάττετο
924 1748 979 1789 μὲν
999 1745 1057 1780 οὖν
1077 1748 1188 1789 λόγους
1202 1746 1416 1784 παντοδαποὺς
1435 1747 1647 1795 ζιξὶκῖρξρζρζᾳς·
1670 1748 1781 1783 quibus

201 1810 277 1838 locis
300 1808 655 1852 ”RQ-SPQQH-Qes’
678 1816 784 1836 verum
808 1809 897 1836 etiam
919 1808 978 1836 alia
1000 1808 1124 1843 scripta,
1147 1808 1241 1836 veluti
1265 1808 1304 1836 de
1325 1815 1358 1835 re
1379 1807 1496 1835 militari
1517 1805 1687 1841 significata
1708 1810 1781 1832 esse

201 1866 347 1893 ridentur.
369 1865 532 1901 Expuncto
555 1864 624 1892 loco
648 1863 827 1893 Charisiano
845 1863 912 1900 (frg.
928 1863 976 1898 67,
993 1872 1022 1900 p.
1042 1863 1077 1892 12
1093 1862 1154 1900 sq.)
1177 1863 1263 1900 ipsas
1287 1862 1427 1899 Origines
1449 1858 1789 1905 hixst—OQ-quppqufl-V-i‘ss

202 1930 299 1949 nemo.
342 1921 369 1949 3.
392 1921 496 1948 Missis
519 1921 768 1956 inscriptionibus
792 1921 868 1948 salso
892 1920 1065 1956 Originibus
1088 1920 1190 1948 inditis
1212 1919 1263 1955 (cs.
1286 1919 1340 1956 srg.
1355 1926 1382 1953 e,
1397 1927 1426 1956 η,
1440 1917 1477 1954 θ)
1499 1917 1560 1946 duo
1581 1918 1697 1946 restant
1710 1914 1781 1948 loci,

205 1978 312 2011 quibus
335 1978 462 2004 airnales
485 1979 635 2004 vocantur
656 1977 806 2011 Origines.
833 1976 967 2011 ‘Quodsi
982 1979 1065 2003 recte
1081 1977 1191 2003 sactum
1209 1978 1266 2009 est,
1290 1975 1455 2003 concidunt
1476 1981 1551 2002 sane
1570 1973 1680 2005 omnia,
1702 1977 1781 2006 quae

205 2031 363 2068 hucusque
387 2033 567 2069 protulimus
591 2033 630 2060 ad
652 2033 804 2068 vulgatam
834 2033 872 2061 de
895 2032 1069 2068 Originibus
1097 2032 1278 2061 sententiam
1304 2031 1524 2067 infringendam
1546 2033 1637 2065 atque
1664 2028 1693 2056 in
1720 2028 1781 2055 fur-

207 2089 291 2116 culas
314 2089 464 2118 Caudinas
486 2090 614 2118 reducta
637 2092 686 2117 est
701 2097 759 2118 res.
801 2090 886 2118 Alter
907 2090 995 2117 iocus
1019 2091 1068 2117 est
1087 2089 1175 2116 Plinii
1195 2089 1270 2122 VIII,
1286 2088 1314 2121 5,
1333 2088 1379 2121 11,
1402 2088 1477 2115 alter
1497 2087 1527 2114 in
1548 2085 1624 2114 Livii
1644 2084 1779 2119 perioch.

203 2143 306 2176 XLIX,
340 2145 396 2171 nisi
427 2145 508 2179 apud
535 2143 690 2177 Jahnium‚
726 2144 811 2180 eujus
845 2145 921 2172 liber
948 2144 987 2171 ad
1015 2151 1123 2172 manus
1151 2143 1222 2171 mihi
1256 2151 1316 2172 non
1343 2145 1406 2177 est,
1440 2142 1526 2170 aliter
1552 2142 1601 2168 est
1625 2140 1778 2177 scriptum.

202 2200 317 2228 Plinius
341 2199 419 2232 (nam
441 2202 479 2228 de
502 2208 549 2234 eo,
573 2201 623 2236 qui
645 2200 808 2236 periochas
830 2200 972 2229 Livianus
996 2201 1191 2236 conscripsit,
1215 2201 1288 2228 certi
1304 2201 1366 2228 sere
1381 2199 1456 2227 nihil
1472 2195 1604 2231 constat)
1625 2197 1654 2224 in
1667 2196 1779 2224 talibus

203 2256 297 2282 rebus
322 2262 380 2282 non
404 2256 475 2282 satis
498 2259 640 2283 accurate
664 2256 739 2292 egit3
764 2259 893 2284 attamen
916 2256 975 2284 hoc
998 2264 1059 2284 non
1082 2256 1193 2284 sufficit
1215 2256 1254 2285 ad
1276 2254 1502 2292 explicandum,
1525 2252 1575 2288 qui
1596 2252 1707 2280 tactum
1729 2248 1779 2285 sit,

202 2315 234 2338 ut
256 2311 384 2338 annales
407 2312 573 2345 appellaret
593 2312 706 2340 Plinius
731 2319 808 2347 opus
836 2312 864 2340 in
888 2312 1028 2348 singulos
1052 2319 1149 2341 annos
1172 2320 1232 2341 11011
1258 2311 1400 2341 divisum.
1443 2308 1548 2345 Neque
1577 2314 1650 2337 vero
1677 2314 1779 2336 veram
