1980 2649
952 146 991 176 40

197 249 306 279 tesimo
327 241 674 281 octogesimoffltimo.
698 240 747 276 (cs.
761 240 866 277 Meyer
885 241 960 278 srgg.
977 244 1051 271 orat.
1066 242 1151 272 Rom.
1167 251 1195 279 p.
1210 244 1271 280 49.)
1311 246 1406 275 Nemo
1427 253 1560 282 unquam
1580 247 1757 283 suspicatus

201 306 248 333 est
266 302 295 330 in
316 299 420 337 quinto
441 285 599 336 mugiit}
613 296 690 326 libro
712 296 840 326 infuisse
861 298 944 327 bella
963 298 1165 328 Macedonica
1188 307 1290 336 usque
1315 302 1354 331 ad
1379 301 1561 338 triumphum
1585 302 1618 332 L.
1637 302 1758 332 Aemilii

144 357 147 362 ,
198 357 295 393 pauli3
317 356 424 390 itaque.
439 352 741 382 fallizcontenderunt
762 353 816 381 viri
838 354 920 383 docti
942 357 972 383 et
991 355 1108 384 Livium
1129 358 1160 385 et
1174 355 1311 391 Gellium,
1333 357 1385 393 qui
1406 358 1670 417 ⁸{Q0
1691 358 1757 387 lau-

197 413 293 443 darint
318 411 397 439 hanc
425 407 599 437 orationem.
639 410 780 436 Attamen
812 410 894 445 apud
926 412 1087 447 utrumque
1113 411 1293 448 scriptorem
1319 419 1380 441 non
1409 416 1458 443 est
1486 412 1600 444 numeri
1626 413 1756 450 signum,

195 469 251 498 sed
272 474 383 495 nomen
398 464 549 493 numerale
562 463 629 491 sine
644 465 706 492 ulla
720 465 860 493 codicum
876 465 1096 503 discrepantia3
1119 470 1149 495 et
1165 468 1191 496 si
1209 468 1317 496 salsum
1331 467 1398 497 libri
1409 476 1565 499 numerum
1578 468 1759 505 scripsisset

193 523 306 557 Livius,
329 519 538 558 grammaticus
559 518 619 553 ille,
642 519 691 548 cui
705 521 834 556 plurima
849 521 1015 557 fragmenta
1029 523 1188 557 debemus,
1204 526 1285 552 certe
1299 524 1329 551 in
1344 525 1439 553 verba
1451 524 1527 553 Livii
1541 534 1602 554 non
1612 526 1757 561 jurasset,

195 579 252 610 sed
274 584 402 607 errorem
424 576 571 604 notasset.
611 574 790 613 Nipperdey
812 576 935 614 quidem
956 579 1081 615 saepius
1103 586 1225 610 errasse
1247 580 1320 610 dicit
1339 580 1368 609 in
1388 579 1447 610 hac
1461 587 1495 609 re
1510 581 1648 616 Gellium,
1670 581 1757 618 cujus

194 636 237 665 rei
258 634 370 670 profert
390 631 529 666 exempla
548 630 603 666 srg.
624 630 677 665 88,
700 633 784 667 quod
810 633 879 668 ipse
901 641 1025 670 quoque
1047 641 1114 662 cum
1141 634 1196 671 srg.
1218 634 1257 664 96
1285 636 1471 673 conjungere
1497 643 1558 665 non
1586 636 1703 667 dubitat
1729 639 1759 666 et

192 693 245 728 Irg.
268 689 324 719 113
345 688 423 717 male
444 689 475 715 et
495 688 601 716 contra
621 687 754 717 omnium
776 688 838 718 sere
865 690 1007 719 codicum
1029 691 1252 725 auctoritatem,
1279 692 1363 727 quod
1389 692 1459 728 ipse
1484 691 1642 726 concedit,
1669 692 1757 723 tertio

191 748 267 776 libro
289 746 444 774 insertum.
485 743 581 771 Vides
604 743 644 772 ad
667 751 745 780 quae
768 749 946 781 argumenta
967 747 1162 775 descenderit
1181 747 1228 775 vir
1248 748 1369 776 doctus.
1411 748 1444 777 Si
1469 755 1574 776 verum
1600 748 1681 776 scire
1701 756 1758 777 vo-

190 805 304 836 lumus,
332 799 437 836 negari
457 806 518 828 non
540 800 658 834 potest,
680 799 709 827 in
736 800 840 836 quinto
867 801 946 831 libro
974 802 1070 831 fuisse
1099 802 1264 832 orationem
1290 810 1346 839 pro
1379 801 1616 832 Rhodiensibus.
1658 804 1759 839 Atque

191 858 274 894 quod
295 857 326 884 id
346 855 411 883 fieri
432 862 492 882 non
512 857 642 889 poterat,
663 855 690 883 si
714 863 763 883 res
779 856 934 884 Romanae
955 861 1063 885 essent
1083 860 1219 886 narratae
1236 865 1255 885 a
1282 857 1410 892 Catone,
1432 858 1571 894 sequitur
1600 858 1650 886 vel
1669 858 1757 887 unius

190 914 282 950 hujus
303 910 460 947 fragmenti
481 910 598 938 ratione
618 909 737 945 habita,
764 915 798 940 ut
822 920 873 941 res
895 913 1047 942 Romanas
1069 921 1129 942 non
1151 914 1317 942 narraverit
1338 913 1422 942 Cato.
1464 913 1581 942 sustam
1601 912 1758 942 historiam

189 969 260 999 belli
280 966 386 996 Punici
406 965 535 995 secundi
562 965 592 993 in
613 965 690 996 libro
720 967 823 1004 quinto
850 967 979 998 infuisse
1013 976 1092 1005 nego
1129 968 1224 999 tribus
1250 976 1328 999 usus
1355 968 1554 1006 argumentis,
1581 968 1665 1005 quod
1692 967 1759 997 sine

190 1028 301 1055 ducum
322 1023 495 1052 nominibus
518 1029 556 1050 ne
577 1021 638 1051 hoc
662 1023 784 1059 quidem
805 1024 919 1054 bellum
942 1025 1074 1055 describi
1088 1028 1201 1062 potest,
1224 1026 1307 1062 quod
1322 1026 1417 1055 omitti
1429 1033 1490 1055 non
1505 1027 1627 1062 poterat
1645 1024 1758 1054 bellum

187 1082 411 1118 Hispaniense;
438 1079 499 1107 hoc
521 1081 620 1106 autem
641 1079 670 1107 in
693 1080 795 1115 quinto
818 1081 895 1110 libro
917 1084 1066 1110 narratum
1087 1090 1149 1111 non
1177 1090 1250 1112 esse
1277 1083 1465 1111 demonstrat
1484 1081 1538 1118 frg.
1561 1081 1633 1118 112;
1668 1082 1759 1111 stulte

191 1139 270 1166 enim
303 1137 445 1169 fecisset,
477 1135 503 1163 si
529 1135 558 1162 in
585 1136 714 1170 septimo
743 1137 864 1181 demum
890 1137 966 1165 libro
997 1138 1035 1165 de
1062 1138 1162 1177 ibero*
1176 1146 1233 1177 per
1257 1139 1372 1167 bellum
1393 1137 1563 1166 secundum
1585 1136 1758 1165 sexcenties

189 1193 368 1223 necessario
397 1191 663 1221 commemorando
699 1178 824 1221 docere*
843 1193 995 1222 voluisset
1021 1202 1091 1227 eos,
1123 1194 1173 1230 qui
1200 1195 1345 1230 legerent.
1387 1194 1518 1222 Tertium
1540 1196 1588 1222 est
1608 1193 1639 1220 id
1659 1193 1759 1228 ipsum

161 1245 163 1248 ’
189 1252 406 1286 argumentum,
429 1247 513 1284 quod
534 1247 631 1275 inerat
651 1247 679 1275 in
701 1248 776 1277 libro
799 1248 902 1284 quinto
920 1249 1014 1277 oratio
1030 1257 1085 1284 pro
1100 1248 1327 1278 Rhodiensibus
1341 1248 1452 1278 habitu.
1494 1248 1659 1284 Quaeritur,
1682 1255 1759 1284 quo-

188 1306 280 1334 modo
297 1303 492 1332 nihilominus
516 1303 757 1338 capitulatim
779 1304 839 1332 dici
854 1305 964 1340 possit,
984 1304 1088 1333 inesse
1104 1305 1134 1332 in
1150 1312 1187 1333 co
1201 1305 1277 1333 libro
1292 1305 1404 1333 bellum
1418 1304 1565 1333 Punicum
1580 1303 1758 1332 secundum.

188 1361 299 1389 Multus
324 1363 389 1388 erat
415 1359 488 1388 Cato
522 1359 549 1387 in
579 1358 737 1387 beneficiis
767 1359 988 1389 Rhodiensium
1017 1360 1290 1389 commemorandis
1319 1359 1387 1396 (Irg.
1409 1359 1447 1389 99
1469 1362 1499 1388 et
1522 1359 1601 1394 104).
1642 1355 1761 1396 Σχεδὸν

188 1413 237 1454 ἔτη
256 1412 475 1454 τετταράκοντα
493 1410 570 1452 πρὸς
589 1414 654 1448 τοῖς
673 1410 781 1443 ἑκατὸν
800 1411 1026 1453 κεκοινωνηκὼς
1046 1411 1063 1444 ὁ
1083 1413 1177 1454 δῆμος
1193 1410 1352 1452 Ῥωμαίοις
1371 1412 1433 1443 τῶν
1452 1410 1698 1451 ἐπιφανεστάτων
1710 1411 1760 1443 καὶ

188 1470 355 1500 καλλίστων
367 1467 465 1509 ἔργων
482 1470 602 1506 (Polyb.
615 1470 706 1506 XXX,
719 1468 768 1509 5);
786 1479 875 1507 quam
887 1472 1048 1500 amicitiam
1066 1472 1221 1508 quomodo
1237 1470 1482 1508 comprobaverit
1493 1472 1544 1499 aut
1561 1469 1760 1506 comprobare

190 1528 333 1565 potuerit,
354 1528 533 1563 priusquam
554 1527 680 1554 Romani
708 1534 790 1555 arma
812 1528 851 1556 ad
873 1528 1021 1556 orientem
1044 1535 1153 1556 versus
1176 1529 1400 1560 converterent,
1422 1525 1480 1554 nisi
1502 1525 1605 1562 adjuto
1627 1527 1760 1553 mercatu

189 1586 412 1617 Romanorum,
435 1582 587 1618 conjicere
609 1590 669 1610 non
691 1590 875 1618 possumus3
897 1586 960 1611 tum
982 1591 1053 1612 vcro
1076 1583 1246 1619 Philippum
1268 1591 1286 1611 a
1307 1583 1455 1612 societate
1476 1581 1651 1611 Hannibalis
1674 1588 1760 1609 aver-

190 1646 255 1670 tere
277 1648 339 1669 non
362 1638 549 1667 destiterunt.
579 1637 655 1672 (Liv.
675 1638 793 1672 XXVII,
816 1638 863 1672 30,
885 1639 1014 1672 XXVIII,
1039 1639 1078 1673 7).
1119 1640 1214 1667 Vides
1241 1639 1330 1675 igitur
1351 1646 1440 1675 quam
1461 1638 1533 1666 belli
1553 1639 1670 1673 partem
1690 1643 1760 1672 per-

192 1700 319 1726 secutus
342 1696 383 1725 sit
404 1695 487 1724 Cato.
527 1694 617 1723 Adde
640 1695 723 1730 quod
747 1695 855 1723 eodem
877 1696 958 1724 bello
980 1695 1094 1724 Punico
1117 1695 1255 1724 secundo
1277 1703 1348 1730 pars
1377 1694 1512 1728 Siciliae,
1539 1693 1568 1721 in
1590 1700 1651 1729 qua
1669 1692 1760 1721 Hiero

192 1756 386 1790 regnaverat,
416 1751 540 1787 imperio
562 1751 699 1779 Romano
728 1751 871 1787 adJuncta
898 1754 954 1780 est.
996 1752 1062 1780 Non
1083 1751 1172 1787 igitur
1191 1753 1285 1779 totum
1308 1751 1421 1779 bellum
1442 1749 1582 1783 narravit,
1605 1748 1663 1777 scd
1685 1755 1761 1784 quo-

193 1811 283 1837 modo
306 1817 361 1844 per
381 1809 413 1836 id
434 1808 547 1835 bellum
568 1807 643 1833 aliae
667 1807 804 1834 civitates
827 1810 878 1833 aut
892 1808 921 1833 in
943 1807 1086 1835 ditionem
1106 1808 1308 1835 Romanorum
1329 1807 1472 1834 redactae
1494 1806 1555 1833 sint
1575 1806 1626 1832 aut
1647 1804 1760 1831 suturae

196 1866 357 1894 deditionis
387 1863 476 1900 quasi
504 1862 616 1890 initium
645 1862 757 1890 sactum
780 1863 827 1891 sit.
868 1863 934 1891 Non
958 1864 1026 1891 dico
1049 1863 1254 1896 Rhodienses,
1277 1864 1335 1890 scd
1355 1862 1551 1890 Macedones.
1593 1862 1658 1896 Qua
1678 1861 1707 1887 in
1728 1868 1761 1887 re

198 1921 337 1956 quoniam
354 1920 427 1949 Cato
450 1926 510 1947 non
532 1925 582 1946 res
603 1918 755 1947 Romanas
778 1918 966 1955 perscripsit,
989 1919 1046 1947 scd
1069 1919 1140 1955 quid
1162 1919 1191 1947 in
1213 1917 1341 1954 singulis
1362 1907 1533 1946 civitatibus
1554 1915 1762 1945 admirandum

200 1980 227 2002 et
247 1977 330 2003 fieret
345 1979 374 2002 ct
387 1976 551 2007 videretur,
566 1981 620 2001 nce
636 1975 745 2009 quibus
762 1975 891 2002 ducibus
908 1982 957 2002 res
974 1977 1079 2010 gestae
1095 1978 1201 2002 essent
1215 1982 1294 2010 opus
1317 1974 1344 2001 ei
1361 1976 1425 2002 erat
1439 1980 1568 2007 narrare,
1590 1978 1646 1999 nec
1665 1970 1762 2005 potuit

202 2031 333 2058 dubitare
356 2032 490 2058 Inserere
507 2029 681 2062 orationem,
705 2038 783 2065 quac
798 2038 848 2058 res
864 2030 1016 2058 Romanas
1031 2030 1237 2066 perscriptum
1254 2037 1328 2058 sane
1343 2030 1401 2057 allo
1416 2030 1486 2057 loco
1502 2031 1566 2056 erat
1580 2026 1730 2055 addenda.

244 2086 287 2114 10.
322 2087 545 2121 reliquaque
573 2086 676 2114 bellu
703 2087 782 2121 pari
811 2086 921 2114 modo
953 2089 1185 2121 persecutus
1215 2089 1289 2120 est,
1317 2092 1439 2121 usque
1470 2086 1515 2112 ad
1546 2085 1761 2118 praeturam

203 2141 325 2171 Servii
346 2142 498 2177 Galbae,
522 2141 582 2178 qui
605 2141 764 2178 diripuit
783 2142 1000 2171 Lusitanos.
1041 2142 1141 2171 Primo
1157 2143 1226 2171 loco
1241 2141 1538 2178 praetermittendum
1552 2146 1612 2167 non
1635 2138 1761 2171 videtur,

203 2205 293 2232 quam
322 2201 405 2225 caute
432 2198 582 2226 addiderit
608 2198 713 2234 Nepos
742 2198 814 2226 illud
839 2196 919 2236 pari
943 2196 1054 2234 modo,
1088 2198 1227 2234 quamvis
1254 2196 1410 2227 brevitatis
1437 2195 1467 2223 h.
1490 2194 1509 2222 l.
1536 2192 1762 2230 perstudiosus.

202 2253 372 2290 Significat,
395 2255 480 2283 etiam
501 2254 618 2291 reliqua
643 2255 724 2284 bella
749 2254 812 2291 pari
833 2255 925 2283 modo
948 2258 1038 2291 atque
1060 2255 1141 2284 bella
1160 2255 1274 2284 Punica
1299 2255 1317 2283 i.
1339 2261 1366 2283 e.
1381 2259 1474 2291 'novo
1501 2253 1593 2287 atque
1620 2250 1760 2278 inusitato

204 2310 296 2339 modo
318 2310 486 2345 perscripta
508 2319 588 2340 esse.
630 2311 746 2340 Deinde
762 2318 798 2339 ne
812 2311 842 2339 id
866 2310 988 2348 quidem
1011 2311 1224 2348 negligendum
1246 2316 1371 2343 censeo,
1393 2315 1431 2336 ex
1451 2306 1577 2343 Nepotis
1599 2305 1761 2335 summario
