1980 2649
136 828 170 844 l„

998 161 1038 193 28

234 264 328 295 quum
348 259 486 294 quartum
507 259 538 286 et
558 257 781 295 octogesimum
796 264 908 289 annum
923 262 1028 297 ageret
1042 258 1115 289 Cato
1130 257 1182 295 (ib.
1199 249 1246 294 10,
1260 257 1313 296 82)
1326 274 1369 280 -
1388 267 1457 290 nam
1478 258 1530 297 qui
1551 258 1590 289 de
1610 266 1691 289 anno
1710 259 1804 289 natali

235 313 321 342 aliter
346 313 547 347 tradiderunt,
572 312 636 342 Liv.
656 312 788 348 XXXIX,
814 315 865 350 40,
884 315 963 345 Plut.
985 316 1017 345 c.
1048 316 1099 350 15,
1121 315 1276 349 falluntur,
1304 315 1341 344 ct.
1362 316 1516 346 Drumann
1535 316 1573 351 V.
1593 322 1624 352 p.
1643 314 1685 346 98
1702 328 1745 336 -
1763 314 1804 345 de

234 368 339 398 ultimo
366 368 444 398 libro
469 370 553 398 recte
580 375 616 398 se
636 368 732 400 habet
751 370 799 406 id,
829 371 914 408 quod
940 371 1032 401 tradit
1050 372 1165 409 Nepos.
1214 370 1276 401 Sed
1302 369 1479 402 instituendi
1505 372 1600 402 verbo
1630 379 1670 401 ne
1696 370 1802 408 Nepos

234 423 356 460 quidem
377 431 456 453 usus
492 427 591 460 esset,
619 425 678 454 nisi
706 425 829 456 omnino
863 433 960 456 senex
992 427 1032 456 ad
1065 426 1205 463 Origines
1239 425 1419 456 scribendas
1448 434 1485 457 se
1512 427 1695 457 contulisset
1717 425 1802 456 cato.

232 479 281 508 Ad
304 486 395 515 quam
416 487 480 509 rem
503 480 763 517 comprobandam
784 489 845 511 non
867 482 993 511 multum
1013 482 1169 519 proficitur
1188 482 1243 519 srg.
1263 481 1311 517 55,
1332 489 1371 510 ex
1392 489 1453 518 quo
1474 485 1612 519 apparet,
1633 481 1803 512 secundum

232 535 341 564 librum
362 539 436 573 post
456 536 568 564 bellum
583 536 699 565 Persae
721 544 794 566 esse
813 536 971 573 scriptum.
1013 537 1074 567 Sed
1090 537 1154 574 jam
1174 536 1236 567 hoc
1256 536 1430 567 testimonio
1452 537 1588 573 efficitur,
1606 540 1641 567 ut
1660 537 1721 567 duo
1741 536 1803 567 loci

232 591 416 625 refellantur,
439 599 518 627 quos
541 592 580 619 ad
600 591 822 628 infringendam
842 593 972 629 Nepotis
993 593 1084 621 fldem
1104 593 1176 621 olim
1198 593 1374 622 afferebant.
1415 594 1548 630 Quorum
1567 594 1706 623 locorum
1726 594 1804 622 alter

234 649 283 676 est
301 646 376 677 Livii
394 646 527 683 XXXIV,
547 647 576 683 5,
599 648 652 685 qui
671 648 706 678 L.
725 648 880 678 Valerium
902 649 1054 679 adversus
1067 648 1212 679 Catonem
1234 649 1394 679 consulem
1414 649 1486 680 facit
1503 649 1711 680 revolventem
1733 649 1801 681 Ori-

234 703 331 740 gines,
352 702 419 740 (srg.
441 702 502 740 31),
524 704 601 733 alter
617 704 773 734 Plutarchi
788 704 852 734 Cat.
867 704 916 741 20,
931 705 950 735 5
971 702 1021 735 καὶ
1040 701 1095 740 τὰς
1114 702 1247 743 ἱστορίας
1266 700 1300 735 δὲ
1318 702 1496 745 συγγράψαι
1514 701 1608 744 φησὶν
1626 700 1720 740 αὐτὸς
1739 702 1804 746 ἰδίᾳ

231 755 305 796 χειρὶ
324 756 375 786 καὶ
387 756 530 797 μεγάλοις
542 756 728 797 γράμμασιν,
748 756 831 793 ὅπως
850 758 978 800 οἴκοθεν
995 742 1135 799 ‘burgo-iot,
1155 759 1197 801 τῷ
1216 758 1301 789 παιδὶ
1319 756 1398 800 πρὸς
1417 758 1573 800 ἐμπειρίαν
1591 759 1653 790 τῶν
1664 758 1803 789 παλαιῶν

230 811 283 842 καὶ
307 813 445 852 πατρίων
468 811 664 852 ὠφελεῖσθαι.
712 817 886 845 Notandum
912 817 991 845 enim
1023 819 1085 851 est,
1110 816 1304 845 Plutarchum
1329 817 1469 853 Origines
1496 818 1651 853 appellare
1670 813 1803 854 ἱστορίας

232 869 284 905 (ib.
313 870 361 905 25,
392 870 431 906 1.)
477 871 631 900 Describit
657 871 840 901 Plutarchus
868 879 987 907 curam,
1014 879 1104 908 quam
1131 872 1235 908 posuit
1260 872 1333 902 Cato
1361 873 1391 901 in
1423 872 1583 902 educando
1609 872 1711 902 Marco
1738 871 1801 901 filio

232 926 362 961 majore,
395 934 486 961 quem
517 928 685 956 sustulerat
719 935 758 955 ex
791 927 908 955 Licinia
938 931 1049 955 natum.
1090 928 1119 956 Is
1150 928 1247 964 prima
1279 928 1432 964 stipendia
1462 928 1570 956 meruit
1601 928 1632 956 in
1666 927 1803 955 exercitu

230 982 267 1010 M.
288 982 398 1017 Popilii
424 983 566 1012 Laenatis
595 991 661 1012 cos.
684 991 765 1011 anno
793 984 1028 1019 quingentisimo
1052 984 1242 1019 octogesimo
1264 984 1377 1019 primo,
1402 987 1437 1012 ut
1455 986 1584 1013 testatur
1604 983 1711 1012 Cicero
1733 982 1802 1010 sive

230 1041 318 1067 vetus
349 1039 473 1074 quidam
499 1039 650 1075 interpres
679 1039 717 1067 de
740 1038 790 1067 off.
814 1040 834 1072 Ι,
858 1039 905 1073 11,
928 1039 984 1075 36;
1010 1043 1148 1068 mortuus
1176 1042 1225 1068 est
1245 1047 1323 1068 anno
1351 1040 1576 1068 sexcentesimo
1606 1038 1743 1067 secundo
1770 1038 1802 1065 in

230 1097 371 1130 praetura
392 1093 468 1128 (Liv.
483 1102 531 1131 ep.
546 1094 675 1130 XLVIII)
698 1094 765 1124 sive
780 1096 902 1130 praetor
916 1095 1105 1131 designatus.
1130 1094 1205 1130 (Cic.
1222 1095 1313 1124 Tusc.
1328 1096 1375 1130 III,
1390 1094 1438 1130 28,
1456 1095 1503 1130 70,
1520 1095 1594 1124 Gell.
1609 1094 1684 1128 XIII,
1696 1092 1744 1128 20,
1758 1091 1801 1127 9.)

231 1149 350 1186 Quodsi
372 1157 429 1178 suo
452 1157 531 1178 anno
554 1153 676 1186 praetor
696 1151 793 1178 sactus
816 1152 866 1178 est
884 1157 924 1178 ex
944 1151 1014 1187 lege
1035 1151 1125 1179 Villia
1139 1150 1238 1179 annali
1252 1158 1330 1179 anno
1347 1150 1589 1187 quingentesimo
1605 1149 1801 1186 sexagesimo

230 1206 370 1234 secundo
392 1208 482 1233 natus
506 1208 569 1239 est,
598 1206 650 1241 qui
671 1213 768 1234 annus
792 1205 882 1233 etiam
905 1207 1122 1241 comprobatur
1141 1206 1248 1241 primo,
1270 1206 1353 1241 quod
1375 1206 1491 1239 meruit,
1513 1206 1676 1241 stipendio.
1717 1204 1750 1232 Si
1770 1204 1801 1231 in

228 1261 320 1298 huJus
342 1260 395 1288 filii
410 1269 500 1288 usum
516 1261 759 1298 conscripsisset
778 1260 907 1297 primum
924 1261 1078 1298 Originum
1099 1261 1216 1296 librum,
1237 1269 1306 1289 nam
1327 1261 1492 1297 secundus,
1513 1264 1546 1290 ut
1566 1268 1660 1298 supra
1674 1260 1800 1289 demon-

229 1316 408 1350 stravimus,
435 1317 529 1345 multo
556 1319 631 1352 post
652 1316 785 1352 scriptus
809 1318 870 1350 est,
899 1318 981 1344 certe
1001 1316 1142 1345 Valerius
1161 1316 1299 1344 tribunus
1321 1323 1358 1344 ne
1378 1316 1459 1344 hunc
1481 1316 1603 1352 quidem
1623 1316 1732 1344 librum
1751 1321 1801 1343 re-

227 1374 353 1401 volvere
373 1376 502 1407 peterat.
546 1373 609 1400 Sed
630 1373 692 1399 salli
718 1373 873 1405 videntur,
903 1373 955 1406 qui
975 1372 1120 1400 historias
1147 1373 1176 1399 in
1197 1373 1249 1399 filii
1271 1380 1360 1399 usum
1386 1373 1516 1407 scriptas
1542 1375 1648 1407 putant
1672 1372 1800 1406 primum

228 1429 384 1464 Originum
399 1428 496 1457 fuisse
509 1428 628 1462 librum,
650 1430 684 1456 ut
695 1427 825 1457 Bolhu1s
842 1430 873 1456 et
885 1428 994 1457 Wilms
1017 1428 1154 1463 (Catonis
1170 1428 1232 1456 vita
1245 1431 1276 1456 et
1289 1428 1364 1464 frgg.
1378 1428 1481 1463 Progr.
1497 1428 1635 1456 Tremon.
1650 1429 1676 1456 ΙΙ
1692 1426 1796 1462 (1843)

230 1494 259 1520 p.
281 1484 300 1513 9
322 1483 383 1519 sq.)
413 1484 498 1518 quod
520 1491 577 1511 nec
602 1487 667 1511 erat
687 1487 776 1519 aptus
799 1484 876 1512 liber
897 1484 936 1511 ad
959 1487 1080 1519 captum
1101 1484 1249 1519 puerilem
1271 1486 1302 1511 et
1320 1483 1372 1511 vix
1392 1484 1475 1511 credi
1495 1486 1599 1519 potest
1617 1485 1801 1511 retractasse

231 1540 377 1568 Catonem
401 1545 481 1573 opus
503 1545 558 1573 per
578 1540 624 1566 tot
644 1546 741 1567 annos
763 1538 978 1566 intermissum.
1020 1537 1372 1581 Pfflefipffibfilssssssplebflss
1386 1538 1452 1573 ,filio
1471 1545 1533 1575 non
1554 1538 1675 1566 inutiles
1698 1536 1799 1572 pueris

231 1594 411 1628 sententias,
435 1593 519 1628 quod
541 1600 621 1622 nunc
643 1599 866 1629 saepenumero
888 1592 930 1627 fit,
953 1593 1010 1637 sed
1031 1578 1496 1634 rssjfigest—asvpopuljmlgiffiaqni.
1535 1593 1596 1623 Sed
1625 1592 1707 1621 haud
1732 1591 1798 1621 scio

230 1658 268 1678 an
289 1653 424 1685 tempus,
448 1656 508 1684 quo
525 1648 665 1684 Origines
686 1648 855 1677 inchoasse
869 1635 1017 1682 videatur,
1039 1648 1208 1677 accuratIus
1229 1648 1331 1684 possit
1352 1648 1475 1677 definiri.
1517 1648 1671 1684 Originum
1685 1654 1724 1676 ne
1737 1647 1799 1683 pri-

230 1712 297 1735 mus
322 1704 448 1742 quidem
470 1703 563 1738 liber,
591 1704 703 1732 nedum
730 1703 839 1741 reliqui
861 1703 954 1733 scribi
976 1705 1130 1741 poterant,
1158 1703 1216 1733 nisi
1242 1703 1279 1733 ab
1310 1702 1432 1733 homine
1453 1706 1596 1734 accurata
1617 1703 1798 1733 Graecarum

228 1763 382 1791 literarum
410 1760 586 1797 cognitione
612 1760 770 1788 instructo.
813 1760 1017 1789 Concedimus
1040 1759 1162 1795 quidem
1177 1760 1265 1788 facile
1286 1759 1333 1794 iis,
1355 1760 1406 1797 qui
1427 1761 1509 1789 multi
1530 1763 1615 1789 erant
1628 1760 1658 1788 in
1672 1759 1798 1788 demon-

230 1819 372 1850 strando,
397 1818 534 1845 Graecae
556 1816 677 1850 linguae
693 1816 757 1850 jam
780 1817 1009 1843 adolescentem
1031 1815 1174 1843 Catonem
1195 1815 1342 1843 habuisse
1362 1817 1537 1850 scientiam,
1565 1816 1623 1844 sed
1648 1816 1730 1858 aliud
1750 1819 1799 1842 est

231 1874 390 1902 scientiam
420 1871 537 1900 habere
565 1870 685 1907 linguae
709 1872 859 1906 Graecae,
882 1871 962 1899 aliud
984 1871 1157 1900 studiosum
1184 1879 1257 1900 esse
1279 1872 1461 1901 Graecarum
1486 1872 1646 1900 literarum.
1686 1872 1798 1900 Harum

230 1933 332 1957 autem
353 1929 462 1957 aetate
487 1925 606 1956 demum
636 1925 795 1956 declinata
824 1926 1005 1963 (Quintilian.
1033 1927 1094 1961 XII,
1116 1928 1150 1961 II,
1172 1926 1223 1962 23)
1245 1928 1405 1957 studiosus
1427 1931 1491 1956 erat
1511 1928 1600 1962 Cato,
1627 1927 1679 1963 qui
1705 1934 1798 1962 quum

232 1992 311 2013 anno
334 1981 580 2020 quingentesimo
603 1981 801 2018 nonagesimo
824 1990 904 2012 nono
928 1982 1063 2012 Graecos
1091 1982 1161 2011 illos
1188 1981 1395 2019 philosophos
1423 1983 1624 2020 expellendos
1647 1983 1797 2015 censeret,

230 2047 291 2069 non
313 2038 480 2068 Carneadis
502 2037 651 2074 flagrabat
672 2040 721 2066 aut
733 2037 948 2075 philosophiae
964 2038 1045 2073 od10,
1067 2038 1125 2067 sed
1145 2036 1247 2067 πᾶσαν
1261 2034 1439 2078 Ἑλληνικὴν
1449 2038 1570 2077 μοῦσαν
1587 2034 1640 2068 καὶ
1658 2034 1798 2066 παιδείαν

226 2095 397 2130 respuebat
417 2094 506 2128 (Plut.
535 2094 554 2121 l.
576 2094 594 2120 l.
623 2092 671 2126 23,
696 2092 724 2127 1)
752 2096 782 2120 et
804 2091 910 2130 πόρρω
940 2090 1133 2121 παντάπασιν
1164 2089 1283 2130 ἡλικίας
1309 2090 1469 2132 Ἑλληνικὰ
1495 2092 1599 2133 βιβλία
1623 2088 1730 2129 ἔλαβεν
1755 2089 1797 2124 είς

225 2151 330 2187 χεῖρας
351 2149 403 2184 (ib.
425 2149 452 2183 2,
475 2149 516 2184 4).
560 2149 676 2184 Quodsi
698 2150 885 2184 quaerimus,
916 2150 1025 2185 quibus
1047 2151 1139 2179 rebus
1161 2150 1272 2178 factum
1294 2151 1347 2185 sit,
1374 2154 1407 2179 ut
1431 2152 1477 2180 vir
1502 2148 1637 2184 alioquin
1664 2148 1796 2177 omnium

227 2206 497 2236 constantissimus
509 2205 538 2234 in
551 2204 620 2241 ipsa
630 2208 799 2240 senectute,
811 2213 888 2241 quae
901 2208 986 2234 aetas
1000 2214 1071 2235 esse
1082 2207 1163 2235 solet
1176 2206 1370 2242 rigidissima,
1380 2207 1554 2243 opinionem
1564 2212 1620 2241 per
1630 2207 1722 2234 totam
1734 2204 1795 2233 sere

222 2263 317 2292 vitam
330 2262 442 2290 acriter
456 2261 613 2290 defensam
624 2261 771 2298 abjiceret
784 2262 978 2298 studiumque
991 2264 1081 2299 atque
1093 2263 1278 2292 voluntatem
1292 2265 1430 2297 mutaret,
1440 2260 1562 2290 difficile
1574 2260 1695 2289 videtur
1703 2260 1794 2295 dictu,

221 2322 320 2348 utrum
336 2318 467 2347 consilio
486 2317 638 2353 OrigInum
651 2318 879 2347 scribendarum
893 2321 984 2355 capto
1000 2318 1038 2347 ad
1052 2318 1184 2348 studium
1198 2319 1350 2348 literarum
1363 2319 1546 2347 Graecarum
1558 2324 1595 2345 an
1613 2316 1713 2344 studio
1726 2316 1793 2344 lite-
