1980 2649
1004 150 1043 179 14

76 241 183 305 ‘'ff''-
177 283 179 285 ¹
210 262 248 282 :3-
273 251 321 280 75.
342 250 440 278 Haut
459 255 529 275 eos
551 253 594 274 eo
616 248 851 281 postremum
872 245 1023 280 scribo,
1045 245 1135 281 quin
1157 247 1299 283 popuii
1314 250 1362 276 et
1370 247 1462 279 boni
1476 249 1522 276 et
1535 244 1696 275 strenui
1693 244 1815 276 emt.

235 308 309 337 Cato
330 306 360 334 in
380 303 467 332 tertia
488 300 610 337 Origine
631 308 680 337 up.
704 300 780 329 Geli.
801 300 893 336 XVII,
917 300 964 330 13.
985 300 1013 330 3.
1051 300 1112 337 (W.
1135 300 1182 330 72.
1204 300 1239 331 R.
1261 300 1324 337 76.)
1368 312 1389 323 ·=
1450 314 1454 320 >
1545 306 1547 308 ’
1697 300 1818 327 1'2--55

274 363 320 392 76.
352 357 608 394 Laserpitium
628 364 696 393 pro
722 357 986 392 pulmentario
1011 357 1138 387 habet.
1181 357 1257 388 Cato
1279 357 1434 394 Originum
1454 360 1495 389 111
1519 367 1567 396 ap.
1595 352 1781 419 Chai-isium
1791 358 1814 393 1,

232 428 261 455 p
283 417 328 446 73.
351 415 413 450 (W.
436 414 484 442 70.
504 414 538 441 R.
560 412 622 446 73.)

271 473 317 501 77.
348 470 466 499 Multo
488 469 684 504 pulmento
706 468 774 496 usi.
818 467 891 496 Cato
913 467 943 495 in
966 467 1077 495 eodem
1098 468 1138 496 ib.
1160 467 1223 502 (W.
1245 468 1292 497 71.
1314 432 1354 502 R,
1371 467 1433 502 73.)

927 552 1022 584 Lib.
1043 552 1120 583 lv.

272 630 511 671 TsfMapalia
532 635 732 676 vocantur,
762 632 826 661 ubi
847 630 1040 668 habitant;
1070 639 1112 660 ea
1138 632 1253 668 quasi
1283 632 1475 663 cohortes
1503 622 1688 670 rot'uudae
1715 638 1813 664 suut.

232 695 304 724 Cato
327 690 482 727 Originum
503 689 579 718 libro
602 690 710 725 quarto
733 695 782 725 ap
802 687 886 717 Fest.
908 695 937 716 v.
959 686 1091 724 mapalia
1112 695 1141 724 p.
1159 686 1226 717 146.
1250 687 1287 717 cs.
1309 687 1395 718 Paul.
1417 688 1502 719 Diae.
1518 688 1586 719 ead.
1601 698 1630 719 v.
1645 697 1676 726 p.
1693 689 1760 720 14⁷.
1774 705 1815 719 -.-

228 746 376 787 Mayalia
396 742 544 784 aedificia
564 742 657 784 (μιᾳ-π’
676 745 801 782 ceorles
820 741 978 772 rotundas
997 741 1114 773 dicunt
1159 743 1234 773 Cato
1257 742 1413 794 originum
1426 744 1549 781 primo
1571 753 1620 782 ap.
1635 745 1720 775 Serv.
1734 746 1811 775 Aen.

229 807 248 838 1,
271 804 338 833 421.
362 801 423 837 (W
447 800 494 828 74.
515 800 549 828 R.
572 798 644 833 78.)
1195 804 1197 807 ·

268 858 314 888 79.
344 856 432 892 (Tres
454 857 557 891 partes
579 854 714 890 politiae,
737 854 852 890 populi,
876 855 1075 890 optimatium,
1091 854 1194 890 regiae
1209 854 1403 890 potestatis)
1409 852 1449 883 de
1463 853 1566 885 tm'bus
1578 854 1813 901 istispartz'bus

229 912 409 943 ordinatam
425 907 528 948 fuisse
548 907 772 948 Carthayznem
794 909 834 937 ait
855 908 930 938 Cato
953 917 1002 946 ap.
1025 909 1111 939 Serv
1132 910 1209 939 Aen.
1232 909 1283 944 IV,
1304 908 1373 939 682.
1378 899 1459 947 (W.
1482 910 1530 940 75.
1551 911 1586 940 R.
1609 908 1671 946 79.)

268 969 314 997 80.
346 967 385 995 Si
414 966 501 1001 quis
532 965 734 993 membrum
762 965 863 1000 rupit
889 968 953 993 aut
980 973 1022 993 os
1051 965 1182 1001 fregit,
1215 965 1359 994 talione
1392 966 1592 1002 proximus
1621 965 1811 1002 cognatus

228 1022 444 1052 ulciscitur.
494 1021 568 1049 Cato
596 1020 625 1048 in
647 1021 698 1049 1111
720 1020 874 1056 Originum
897 1029 948 1056 ap.
969 1020 1116 1049 Priscian.
1139 1021 1190 1055 VI,
1215 1021 1261 1056 13,
1283 1021 1331 1050 69.
1355 1021 1417 1056 (W.
1441 1021 1488 1050 76.
1508 1019 1544 1051 R.
1567 1021 1628 1057 90.)

267 1080 314 1109 81.
352 1076 622 1112 Compluriens
645 1084 773 1105 eorum
795 1076 940 1104 milites
972 1077 1220 1105 mercennarii
1244 1077 1343 1105 inter
1370 1085 1461 1106 sese
1486 1069 1595 1113 multi
1623 1078 1735 1106 alteri
1761 1079 1811 1105 al-

228 1140 333 1164 teros
356 1134 392 1162 in
415 1132 559 1161 eastris
581 1129 776 1166 occidere,
799 1132 1062 1168 compluriens
1080 1133 1318 1162 multisimul
1340 1133 1385 1170 ad
1402 1132 1810 1169 hostestranst'ugere,

168 1212 201 1245 f,
228 1188 502 1226 compluriens·
520 1188 554 1215 in
583 1188 856 1223 imperatorem
886 1185 1060 1223 impet'um
1089 1188 1226 1216 fecere.
1270 1184 1343 1217 Cato
1365 1189 1395 1216 in
1415 1188 1466 1217 1111
1488 1188 1641 1225 Originum
1657 1178 1712 1224 ap.
1735 1189 1809 1221 Geli.

167 1254 173 1262 '¹
188 1247 262 1280 V‚'
283 1246 330 1279 21,
356 1245 400 1272 17.
443 1243 717 1273 Primun1‚eomma
738 1244 827 1271 etiam
847 1251 897 1279 ap.
920 1244 997 1272 Non.
1019 1251 1048 1272 v.
1071 1243 1279 1279 compluriens
1301 1252 1332 1279 p.
1354 1243 1401 1273 61.
1426 1243 1486 1278 (W.
1509 1244 1547 1271 77
1579 1244 1612 1272 R.
1635 1243 1696 1278 87.)
1744 1252 1747 1256 ·

265 1301 313 1330 82.
347 1300 426 1328 Non
448 1300 558 1327 lubet
580 1298 768 1333 scribere,
792 1299 893 1335 quod
913 1299 949 1327 in
977 1299 1115 1328 tabula
1141 1300 1240 1335 apud
1267 1299 1493 1335 pontificem
1515 1299 1711 1328 maximum
1734 1303 1810 1332 est,

227 1356 404 1393 quotiens
428 1362 580 1382 annona
611 1362 712 1387 cara,
744 1355 925 1389 quotiens
959 1355 1067 1383 lunae
1099 1358 1162 1383 aut
1188 1355 1288 1384 solis
1314 1355 1444 1383 lumini
1476 1355 1602 1390 caligo
1631 1357 1695 1382 aut
1722 1354 1810 1390 quid

227 1411 433 1441 obstiterit.
477 1411 581 1438 Verba
603 1410 727 1438 Catonis
750 1418 788 1437 ex
811 1410 959 1445 originum
983 1414 1089 1445 quarto
1113 1420 1160 1445 ap.
1185 1412 1259 1439 Geli.
1283 1412 1317 1444 11,
1339 1410 1387 1443 28,
1410 1410 1437 1438 6.
1461 1410 1522 1444 (W.
1546 1410 1593 1438 73.
1614 1411 1647 1451 R„
1670 1409 1729 1444 77.)

264 1468 312 1496 83.
346 1465 499 1504 Legyiones
519 1468 649 1494 nostras
674 1464 708 1493 in
730 1474 795 1494 eum
816 1473 913 1503 saepe
935 1465 1035 1494 locum
1055 1463 1225 1503 profectos
1245 1465 1350 1494 alacri
1371 1464 1476 1503 animo
1498 1467 1527 1493 et
1540 1468 1655 1501 erect0,
1676 1464 1759 1494 unde
1778 1473 1812 1494 se

226 1530 381 1561 uunquam
402 1519 565 1549 rediluras
586 1518 832 1549 arbitrarentur.
877 1521 950 1548 Cato
981 1521 1008 1548 iu
1032 1521 1205 1555 Originibus
1229 1528 1276 1556 ap.
1300 1521 1360 1549 Cic.
1390 1522 1427 1549 de
1450 1525 1565 1550 senect.
1594 1521 1642 1555 20,
1665 1521 1711 1549 75.
1754 1519 1811 1550 Le—

223 1577 334 1618 giones
358 1584 454 1613 saepe
480 1575 606 1604 alacres
633 1574 666 1604 in
692 1583 758 1604 cum
780 1575 880 1604 locum
906 1572 1091 1612 profectas,
1117 1574 1200 1605 unde
1224 1574 1389 1605 redituras
1415 1584 1450 1606 se
1473 1584 1536 1606 non
1562 1574 1807 1606 arbitrarentur.

227 1635 300 1662 Cato
323 1641 371 1668 ap.
396 1631 457 1660 Cic.
481 1632 573 1660 Tuse.
595 1632 615 1665 I,
639 1631 687 1666 42,
712 1631 777 1660 101.
801 1630 862 1666 (W.
885 1632 946 1660 Ine.
970 1630 1035 1660 120.
1059 1632 1092 1660 R.
1116 1630 1177 1666 82.)

267 1689 312 1716 84.
346 1686 528 1724 Imperator
549 1685 673 1714 Poenus
693 1685 726 1714 in
748 1688 837 1714 terra
857 1683 983 1721 Sicilia,
1005 1684 1087 1715 bello
1108 1684 1372 1725 Karthayiniensi
1387 1685 1504 1725 primo,
1526 1685 1650 1716 obviam
1665 1685 1809 1717 Romano

227 1743 365 1772 επενοιἾιι
384 1742 607 1781 proyreditur,
625 1741 733 1770 colleis
754 1741 903 1781 locosque
922 1740 1055 1770 idoneos
1073 1741 1169 1779 prior
1189 1744 1334 1780 occupat.
1376 1741 1498 1771 Milites
1519 1741 1670 1778 Romani,
1690 1741 1739 1771 uti
1757 1749 1810 1770 res

226 1803 302 1828 nata
324 1802 380 1833 cst,
400 1798 433 1827 in
454 1798 556 1827 locum
576 1797 735 1826 insinuant
753 1794 872 1833 fraudi
885 1800 913 1825 et
926 1797 1085 1834 perniciei
1097 1796 1273 1825 obnoxium.
1318 1796 1474 1826 Tribunus
1488 1798 1532 1827 ad
1546 1797 1701 1827 consulem
1713 1797 1809 1832 venit,

228 1854 360 1884 ostendit
382 1853 510 1883 exitium
531 1852 572 1882 cle
593 1852 658 1882 loci
674 1840 914 1890 importunitate
934 1855 964 1881 et
978 1851 1111 1881 lzostt'um
1125 1852 1362 1881 circumstantia
1382 1855 1543 1882 rnaturum.
1559 1868 1600 1872 —
1614 1851 1741 1887 Censeo,
1760 1852 1808 1881 in-

228 1909 303 1947 quit,
322 1909 352 1939 si
369 1918 435 1939 rem
455 1916 589 1938 servare
608 1907 667 1944 vis,
683 1906 882 1947 faciundum,
903 1910 938 1938 ut
958 1907 1207 1948 quadringentos
1226 1907 1354 1950 aliquos
1379 1894 1423 1937 ad
1453 1916 1619 1938 verrucam
1645 1907 1732 1938 illam
1759 1907 1809 1936 ire

225 1963 333 2002 jubeas
354 1973 483 2004 eamque
503 1964 553 1993 uti
572 1966 724 2001 occupent
744 1963 878 2002 imperes
906 1962 1124 2003 horterisque5
1152 1964 1225 1998 (hoc
1256 1971 1376 1992 comma
1398 1966 1534 1992 extremo
1556 1964 1651 1992 verbo
1675 1966 1805 1997 excepto

323 2066 364 2095 78)
380 2066 495 2097 Mapalia
511 2070 536 2089 ot
552 2064 680 2095 Magali23
699 2064 778 2087 multo
795 2065 913 2088 usitatior
930 2065 1001 2095 prior
1018 2069 1055 2088 est
1071 2065 1167 2094 forma,
1190 2066 1275 2095 itaque
1298 2065 1385 2088 malim
1402 2065 1526 2095 suspicari
1543 2070 1641 2088 errasse
1663 2063 1686 2086 li.
1709 2063 1726 2085 1.
1748 2063 1807 2087 Ser-

228 2113 303 2141 vium,
321 2120 393 2142 quam
410 2114 616 2144 euqugenero
633 2116 730 2136 mutare
748 2112 830 2135 locum
840 2112 909 2136 Festi
930 2115 954 2135 et
965 2113 1047 2136 Pauli.
1066 2113 1214 2142 praesertim
1227 2120 1301 2143 quum
1317 2113 1343 2135 in
1362 2113 1438 2136 codd.
1456 2120 1532 2136 noun.
1551 2110 1634 2135 Servii
1652 2110 1719 2133 desit
1735 2110 1805 2134 locus

228 2164 252 2182 et
269 2159 336 2182 falso
355 2160 442 2183 citetur
459 2167 490 2184 ex
506 2161 572 2184 libro
589 2160 610 2185 1.

323 2207 363 2235 70)
380 2207 463 2230 Etiam
479 2208 519 2231 hie
537 2208 608 2231 locus
626 2208 653 2231 in
670 2207 747 2231 codd.
764 2213 840 2230 nonn.
858 2207 938 2231 deest.

323 2254 365 2284 81)
382 2255 459 2284 Apud
475 2255 583 2279 Nonium
599 2256 675 2284 male,
692 2259 719 2278 ut
735 2255 833 2278 videtur
850 2255 893 2284 (cf.
912 2255 984 2278 Paul.
1002 2254 1074 2279 Diae.
1094 2263 1117 2286 p.
1136 2255 1179 2285 59)
1199 2254 1358 2285 compluries.
1380 2266 1411 2271 —
1428 2259 1474 2283 pro
1493 2252 1565 2275 multi
1582 2258 1623 2282 ap.
1640 2252 1706 2276 Non.
1726 2256 1763 2275 est
1780 2253 1809 2291 in.

225 2302 290 2325 Cod.
310 2301 393 2325 Turic.
411 2301 492 2325 inulti.
