1980 2649
235 274 410 311 respiciunt,
430 274 573 303 librorum
593 272 810 310 inscriptiones
824 281 922 311 saepe
935 274 1061 303 addunt.
1103 274 1210 312 Itaque
1231 274 1357 304 dubium
1369 282 1432 306 non
1446 277 1504 311 est,
1517 273 1590 312 quin
1608 272 1641 304 h.
1654 273 1674 304 1.
1689 273 1805 305 Gellius

236 331 334 359 minus
355 332 496 357 accurate
518 329 557 357 de
578 328 880 366 carthaginiensibus
902 330 1070 367 scripserit,
1093 338 1186 367 quum
1207 330 1310 359 dicere
1331 323 1467 360 debebat
1485 330 1525 359 de
1544 330 1627 360 bello
1648 329 1806 368 Carthagi-

236 385 341 415 niensi.
384 385 561 423 subjectum
582 385 656 422 quid
676 388 773 422 esset,
794 386 933 424 legentes
954 389 1037 417 certe
1058 387 1172 417 docere
1192 386 1296 417 noluit.

272 441 317 470 Ex
337 441 415 471 libro
436 441 474 470 V.
516 451 536 470 ι.
563 441 601 470 Μ.
617 441 692 471 Cato
714 441 743 471 in
760 439 864 481 (Or-1¹9.
877 441 898 471 l.
914 439 951 472 V.
963 441 1111 481 scripsit:
1126 440 1245 472 Audito
1259 442 1305 479 tu)
1326 442 1421 471 multu
1434 441 1633 473 Macedoniae
1646 442 1806 478 Etruriam,

233 498 401 533 Samnites,
426 497 567 527 Lucanos
595 496 673 526 inter
698 505 737 527 se
756 497 883 527 natinari
912 500 1005 535 atque
1031 499 1180 529 factiones
1207 506 1290 529 esse.
1336 498 1418 528 Fest.
1445 505 1475 526 v.
1500 498 1650 529 Natinatio
1677 506 1708 536 p.
1736 497 1804 529 too.

234 553 295 589 (W.
316 554 354 589 V,
376 553 423 583 86.
444 554 477 583 R.
499 553 535 588 V,
557 552 617 589 94.)
659 553 744 590 Quae
765 554 856 583 uncis
878 554 1075 590 inclusimus,
1096 555 1331 592 interpolatione
1351 553 1470 584 addidit
1488 554 1624 585 Mueller.
1663 556 1806 585 Attamen

233 618 296 639 non
316 613 399 639 recte
419 610 459 638 ita
480 608 684 645 interpolasse
705 609 826 639 videtur
845 610 892 639 vir
913 610 1124 640 doctissimus.
1166 611 1225 641 Ubi
1252 618 1271 640 a
1289 611 1383 640 Festo
1406 610 1535 639 citantur
1554 610 1688 647 origines
1708 605 1806 641 semel

235 673 264 695 v,
287 665 429 695 Oratores
451 672 481 701 p.
506 663 561 694 182
584 664 689 694 addita
710 667 759 695 est
777 665 968 703 praepositio
990 666 1029 702 in,
1051 666 1179 696 verbum
1200 665 1327 705 scripsit
1346 669 1398 696 aut
1418 665 1517 696 simile
1536 672 1711 704 numquam.
1750 666 1807 697 Est

234 729 272 751 ex
293 721 428 751 oratione
449 721 556 751 nescio
578 729 648 758 qua,
670 718 760 759 cujus
781 722 980 759 inscriptione
1001 722 1105 753 addita
1125 723 1214 753 facile
1234 723 1375 760 expletur
1393 722 1492 760 major
1509 722 1587 753 haec
1607 723 1726 753 lacuna.

270 785 297 806 κ.
334 776 407 807 Cato
430 777 542 812 docuit,
566 780 668 807 orator
687 777 768 807 idem
790 780 820 807 et
840 778 1007 815 imperator
1027 787 1181 808 summus:
1203 800 1322 808 ......
1345 779 1464 808 Interea
1477 785 1722 816 unamquamque
1741 780 1805 807 tur-

234 841 322 868 mam,
344 832 541 870 manipulum,
564 832 724 863 cohortem
744 835 940 871 temptabam,
963 835 1036 871 quid
1057 836 1158 865 iacere
1172 838 1320 872 possent3
1342 834 1468 872 proeliis
1481 835 1602 865 levibus
1617 834 1806 872 spectabam,

234 889 322 926 quus
344 890 427 918 modi
450 890 582 926 quisque
602 892 707 927 essen
729 891 757 920 si
779 890 846 927 quis
868 875 993 920 strenue
1006 892 1130 926 fecerat,
1148 891 1298 921 donabam
1313 890 1455 926 honeste,
1475 893 1510 920 ut
1529 891 1579 920 alii
1599 891 1681 920 idem
1693 891 1808 920 vellent

232 945 332 973 facere
362 948 454 982 atque
481 946 510 974 in
538 946 681 974 contione
708 946 812 975 verbis
840 946 943 975 multis
970 947 1143 977 laudabam.
1183 946 1305 976 Interim
1335 946 1452 983 aliquot
1480 954 1582 984 pauca
1609 948 1712 976 castra
1737 945 1805 975 reci.

232 1000 294 1030 Sed
314 1001 366 1030 ubi
388 1002 457 1029 anni
478 1004 601 1038 tempus
622 1002 715 1037 venit,
738 1005 838 1031 castra
858 1001 987 1032 hiberna
1007 1024 1098 1032 .....
1139 1003 1251 1032 Fronto
1274 1003 1314 1031 ad
1335 1002 1448 1031 Verum
1468 1009 1499 1039 p.
1522 1001 1579 1032 184
1597 1002 1684 1031 Rom.
1706 1000 1757 1043 (R.
1767 1001 1805 1035 V,

231 1057 293 1093 97.)
334 1057 434 1086 Prima
447 1058 611 1087 Frontonis
625 1059 722 1088 verba
743 1058 864 1093 docent,
886 1066 948 1087 non
964 1058 1087 1089 Catonis
1109 1059 1257 1093 historici,
1279 1059 1337 1088 sed
1358 1058 1487 1088 oratoris
1508 1057 1587 1087 haec
1610 1066 1692 1088 esse.
1732 1056 1806 1087 Mihi

233 1114 355 1150 quidem
377 1122 416 1143 ex
437 1114 574 1143 oratione
595 1115 635 1143 ad
655 1116 800 1151 populum
822 1115 862 1143 de
882 1114 1036 1150 triumpho
1059 1123 1132 1144 esse
1154 1116 1303 1144 videntur.
1333 1114 1491 1150 (Priscian.
1513 1114 1560 1149 ΠΙ,
1585 1113 1612 1148 1,
1632 1122 1663 1151 p.
1685 1112 1746 1149 87.)

271 1170 316 1199 Ex
337 1170 414 1200 libro
436 1171 498 1200 Vll.
539 1170 566 1199 λ.
598 1170 723 1199 Utrinde
745 1171 817 1200 Cato
840 1178 896 1207 pro
918 1171 1064 1207 Hispanis
1087 1171 1170 1207 (cod.
1189 1171 1266 1200 Bob.
1277 1169 1445 1206 Lusitanis)
1468 1170 1507 1199 de
1528 1170 1686 1204 lrumento,
1705 1168 1807 1198 utrubi

231 1227 322 1261 bona,
344 1227 444 1255 utrubi
466 1227 546 1255 mala
567 1226 663 1263 gratia
684 1226 829 1263 capiatur,
850 1227 970 1256 utrinde
991 1228 1075 1262 iram,
1102 1227 1222 1256 utrinde
1243 1227 1392 1256 sactiones
1413 1226 1467 1255 tibi
1487 1233 1590 1263 pares.
1633 1215 1805 1259 eharisjll,

229 1290 259 1318 p.
275 1282 343 1311 224.
367 1281 452 1318 (Lion
467 1290 497 1319 p.
512 1281 574 1318 29).
616 1282 693 1312 Sunt
712 1282 790 1312 haec
814 1283 910 1312 verba
930 1290 969 1311 ex
984 1283 1121 1312 oratione
1136 1283 1165 1311 in
1180 1283 1213 1312 P.
1228 1283 1351 1312 Furium
1364 1281 1492 1311 Philum.
1515 1281 1565 1317 (cf.
1579 1281 1686 1319 Meyer
1698 1288 1729 1317 p.
1743 1279 1805 1315 46.)

230 1338 292 1367 Sed
314 1346 370 1367 nec
392 1337 471 1367 hanc
495 1338 663 1367 orationem
684 1346 741 1367 nec
764 1346 841 1372 eam,
865 1346 955 1374 quam
976 1338 1083 1367 habuit
1104 1338 1178 1368 Cato
1200 1339 1239 1367 ad
1262 1338 1371 1367 milites
1394 1340 1501 1366 contra
1521 1337 1658 1371 Galbam,
1678 1338 1712 1365 ut
1732 1343 1805 1365 cen-

230 1397 278 1423 set
298 1394 379 1424 idem
398 1394 474 1424 Lion
495 1395 513 1423 l.
536 1394 566 1429 l.‚
589 1394 762 1431 Originibus
785 1395 912 1423 inseruit
933 1394 1017 1423 Cato.

267 1459 298 1489 μ.
326 1445 383 1485 Ὡς
400 1446 530 1488 χαλεπόν
550 1446 631 1479 ἐστιν
650 1446 683 1479 ἐν
704 1446 807 1485 ἄλλοις
820 1445 986 1488 βεβιωκότα
1000 1445 1187 1488 ἀνθρώποις,
1208 1445 1242 1478 ἐν
1256 1445 1359 1483 ἄλλοις
1373 1445 1599 1486 ἀπολογεῖσθαι.
1638 1447 1716 1477 Plut.
1731 1446 1804 1476 Cato

232 1507 278 1541 15,
300 1506 328 1534 4.
356 1505 487 1541 (Krause
515 1513 543 1542 p.
568 1504 647 1541 118.)
693 1506 876 1535 Accuratius
904 1506 974 1535 loco
1005 1504 1159 1534 Plutarchi
1192 1505 1333 1541 inspecto
1364 1504 1453 1533 facile
1479 1502 1647 1540 intelligere
1674 1501 1807 1531 debebat

229 1564 360 1596 Krause,
383 1569 444 1590 non
467 1569 506 1589 ex
527 1561 663 1590 oratione
682 1561 713 1589 in
735 1561 861 1589 Galbam
882 1561 961 1588 hane
984 1568 1057 1589 esse
1086 1559 1283 1593 sententiam,
1312 1560 1370 1588 sed
1396 1559 1493 1588 fuisse
1520 1555 1554 1587 ἐν
1579 1557 1616 1597 τῇ
1641 1554 1806 1596 τελευταίᾳ,

228 1615 268 1655 ἢν
286 1614 413 1655 ἔφυγε,
436 1615 514 1655 δίκῃ.

271 1786 297 1814 1.
330 1786 505 1814 Proximum
528 1786 590 1818 est,
616 1786 649 1812 ut
669 1784 817 1812 rationem
838 1783 965 1811 reddam
987 1785 1078 1818 atque
1100 1781 1267 1817 explicem,
1292 1782 1374 1817 quod
1396 1782 1556 1811 consilium
1576 1781 1606 1808 in
1627 1779 1714 1808 hisce
1734 1778 1803 1807 reli-

233 1842 310 1877 quiis
334 1841 511 1877 digerendis
534 1842 661 1868 secutus
683 1840 751 1867 sim.
795 1840 860 1873 Qua
880 1838 910 1865 in
931 1845 963 1865 re
986 1837 1151 1866 notandum
1174 1839 1221 1864 est
1242 1837 1415 1865 testimonia
1443 1840 1577 1865 veterum
1600 1835 1639 1863 de
1659 1835 1751 1863 rebus
1774 1834 1803 1861 in

233 1897 404 1933 Originibus
427 1895 609 1931 perscriptis
634 1910 675 1914 —
701 1902 771 1922 nam
794 1894 832 1921 de
855 1893 975 1921 dicendi
999 1900 1109 1928 genere
1132 1893 1289 1928 disputare
1310 1892 1340 1920 in
1362 1893 1461 1920 animo
1484 1899 1544 1919 non
1567 1893 1615 1919 est
1633 1905 1673 1910 ——
1695 1890 1802 1917 admo-

234 1953 303 1980 dum
325 1960 397 1981 esse
418 1960 520 1988 pauca
548 1958 647 1987 eaque
676 1951 715 1979 ad
738 1957 791 1978 eas
814 1949 1021 1977 tantummodo
1043 1956 1094 1977 res
1116 1951 1271 1985 spectare,
1295 1956 1373 1985 quas
1402 1949 1440 1977 de
1460 1947 1545 1976 Italia
1566 1947 1639 1977 Cato
1660 1951 1804 1975 narrasse

235 2008 358 2037 videtur.
400 2008 480 2037 Dicit
507 2007 588 2036 enim
614 2007 754 2035 Fronto
777 2005 903 2041 princip.
927 2003 997 2033 hist.
1019 2004 1047 2039 9,
1069 2013 1098 2041 p.
1121 2004 1193 2033 252:
1229 2002 1376 2034 Catonem
1403 2002 1579 2043 oppidatim
1603 1999 1718 2032 statuis
1739 2006 1803 2029 esse

235 2063 425 2100 ornandum,
460 2062 516 2100 qui
540 2064 679 2101 primam
712 2059 822 2090 Latini
854 2059 987 2090 nominis
1022 2058 1160 2089 subolem
1188 2062 1218 2105 ct
1251 2058 1620 2105 ltulic-usymoriginum
1645 2054 1804 2096 puer-icius

234 2117 420 2148 illustrasset
442 2119 636 2155 eundemque
658 2118 688 2145 in
710 2117 882 2153 Originibus
905 2116 995 2144 tradit
1015 2116 1173 2145 Servius
1194 2117 1271 2145 Aen.
1292 2117 1355 2153 VII,
1377 2116 1435 2146 678
1461 2114 1501 2146 de
1525 2110 1648 2144 Italicis
1672 2109 1804 2142 urbibus

230 2174 410 2212 plenissime
429 2174 595 2213 scripsisse
616 2177 646 2204 et
666 2174 715 2208 IX,
739 2173 797 2201 603
825 2171 942 2212 Italiae
967 2170 1063 2201 vitam
1084 2174 1114 2201 et
1143 2171 1342 2210 disciplinam
1369 2177 1639 2218 commemorasse,-
1671 2168 1803 2205 queritur

236 2231 368 2266 denique
391 2231 542 2260 Solinus
565 2231 593 2266 2,
612 2231 630 2260 2
653 2238 713 2267 quo
736 2230 807 2258 loco
830 2229 868 2257 de
889 2228 975 2257 Italia
996 2229 1129 2265 scripsit,
1151 2230 1241 2258 tanta
1260 2235 1341 2259 cura
1361 2217 1502 2258 ona‘vi‘ibus
1522 2234 1589 2255 eam
1609 2233 1675 2254 esse
1687 2222 1802 2253 dictam

231 2285 409 2327 praecipue
429 2285 474 2315 M.
496 2285 626 2324 Catoni,
652 2288 686 2316 ut
704 2283 770 2324 iam
789 2283 928 2315 inveniri
945 2292 1008 2314 non
1028 2287 1154 2323 posset,
1179 2283 1264 2323 quod
1283 2292 1346 2314 non
1364 2286 1503 2314 veterum
1523 2284 1685 2312 auctorum
1701 2288 1800 2320 prae-

231 2342 390 2373 sumsisset
410 2340 582 2381 diliqentia.
624 2344 673 2372 Ad
694 2342 772 2372 haec
795 2342 916 2371 accedit
943 2342 1137 2371 summarium
1158 2342 1243 2375 illud,
1266 2341 1354 2377 cujus
1381 2339 1506 2376 saepius
1528 2339 1592 2375 jam
1617 2338 1797 2368 mentionem
