1980 2649
967 149 1007 179 46

199 256 268 278 eum
290 248 328 275 de
348 249 393 275 tot
410 246 505 274 rebus
533 244 696 274 consulere
715 245 812 274 libros
833 245 905 275 illos
926 245 1131 280 affirmaverit,
1154 253 1248 282 quum
1268 246 1418 284 Polybius
1438 253 1532 276 unum
1552 249 1780 278 monumentum

199 305 301 340 legere
320 300 373 330 vix
392 300 520 337 posset?
562 295 727 338 τηλικαύτη
750 295 812 338 γὰρ
835 294 856 339 ἦ
882 296 1020 339 διαφορὰ
1044 296 1151 340 γέγονε
1175 300 1230 339 τῆς
1254 298 1414 332 διαλέκτου
1440 299 1493 333 καὶ
1515 298 1601 341 παρὰ
1621 298 1788 342 Ῥωμαίοις-

198 357 250 398 εῆς
273 355 333 386 νῦν
351 352 429 396 πρὸς
447 354 504 395 τὴν
522 351 654 394 ἀρχαίαν
674 351 748 391 ὥςτε
767 351 841 391 τσὺς
859 352 1085 392 συνετωτάτοις
1105 353 1173 387 ἔνια
1191 353 1279 396 μόλις
1297 353 1329 395 ἐξ
1340 354 1521 396 ἐπιστάσεως
1531 357 1722 399 ome-av.
1737 374 1782 390 ἡ

198 417 240 444 At
253 413 471 443 Praenestinos
492 413 588 441 libros
610 413 775 448 consuluit,
796 416 831 441 ut
844 414 938 441 docet
951 414 1006 450 τις.
1017 413 1066 443 60.
1087 428 1129 433 -
1148 415 1243 444 Immo
1259 421 1320 443 non
1336 414 1437 445 docet.
1477 416 1554 446 Nam
1567 422 1647 454 quae
1659 415 1781 447 scholia

200 472 313 500 Veron.
336 477 480 498 narrasse
501 469 667 498 ostendunt
688 469 834 498 Catonem
857 470 896 498 de
918 470 1063 504 Caecum,
1084 477 1122 498 ea
1142 477 1204 498 non
1225 473 1298 500 sunt
1317 478 1356 499 ex
1376 471 1463 500 libris
1480 472 1699 507 Praenestinis,
1720 472 1779 502 sed

199 535 216 556 e
237 527 332 556 fama
356 525 457 561 petita.
484 524 521 553 cf.
541 523 635 553 Solin.
660 523 689 560 2,
710 524 739 554 9.
779 525 905 554 Multum
934 533 1010 554 sane
1036 533 1118 560 usus
1143 528 1192 554 est
1217 525 1292 555 Cato
1320 526 1409 555 etiam
1436 529 1573 557 extremo
1594 529 1675 557 vitae
1697 535 1777 558 anno

200 583 281 612 omni
302 582 452 611 literarum
483 586 610 616 genere,
635 580 695 609 sed
715 579 788 609 nihil
811 582 860 609 est
879 580 910 609 in
931 580 983 615 iis,
1010 588 1090 617 quae
1112 580 1220 611 Cicero
1242 589 1313 611 eum
1332 581 1450 612 inducit
1472 582 1663 619 laudantem,
1689 584 1779 622 cujus

200 639 228 668 ei
250 638 345 667 fuisse
365 635 467 672 possit
485 635 583 664 videri
603 642 681 664 usus
703 636 770 664 sive
784 643 861 664 suae
876 636 983 665 aetatis
1005 636 1173 671 historiam,
1190 636 1257 666 sive
1272 636 1453 667 Celtiberica
1464 638 1618 668 scribenti.
1659 638 1687 669 3.
1707 638 1780 669 mhi

200 694 321 732 quidem
343 692 439 728 primo
460 691 531 721 loco
553 690 723 727 scripsisse
743 691 864 720 videtur
886 692 917 720 in
939 691 1113 728 Originibus
1136 700 1216 729 quae
1243 692 1312 729 ipse
1333 693 1452 722 viderat
1476 695 1507 723 et
1526 695 1779 731 percunctatione

199 750 364 782 audiverat,
388 747 499 776 deinde
521 754 601 782 quae
621 748 715 783 vulgo
738 748 943 777 credebantur
968 748 1058 776 etiam
1079 748 1118 777 de
1141 748 1266 777 Graecis
1291 748 1467 778 Latinorum
1493 749 1676 786 oppidorum
1702 757 1778 780 con-

199 806 358 839 ditoribus,
380 803 523 832 adhibitis
544 803 648 832 Fabiis
664 803 848 840 Cinciisque,
871 804 899 832 si
921 811 1000 840 quos
1022 803 1193 833 habuerant
1210 804 1329 841 reliqua
1348 804 1451 833 Italiae
1473 805 1596 842 oppida,
1618 807 1648 834 et
1668 812 1779 842 graece

199 865 229 889 et
240 861 331 889 latine
346 860 561 888 scribentibus.
603 859 636 887 In
657 859 705 893 iis,
727 867 807 895 quae
827 859 896 895 ipse
919 859 1043 894 viderat,
1064 860 1154 888 testis
1177 867 1252 888 sane
1264 859 1384 896 integer
1396 861 1571 897 gravisque,
1591 861 1685 896 iniis,
1698 868 1778 898 quae

199 917 365 949 audiverat,
388 919 420 943 ut
441 916 511 944 olim
525 914 712 949 Herodotus,
734 915 857 943 nonita
878 923 951 943 acer
966 915 1074 951 judex,
1097 915 1148 951 qui
1169 923 1229 943 non
1254 916 1405 945 dubitaret
1424 916 1537 945 referre
1559 916 1648 946 etiam
1661 917 1777 946 Politas

200 973 398 1008 Catillosque‚
422 971 548 1002 Cercios
571 979 611 1000 ex
631 971 762 1007 saleque
783 979 867 1000 mero
889 974 1020 1000 montes.

947 1052 1037 1103 VI.

240 1146 266 1174 1.
300 1145 417 1181 Quanta
436 1140 525 1170 fuerit
546 1139 668 1169 Catonis
691 1140 773 1176 apud
794 1140 949 1170 Romanos
972 1140 1137 1170 auctoritas
1161 1140 1249 1169 etiam
1272 1140 1390 1175 mortui,
1413 1149 1506 1177 quum
1528 1148 1566 1170 ex
1581 1140 1688 1174 vmultis
1709 1140 1777 1170 aliis

199 1203 303 1235 rebus,
326 1203 388 1228 tum
411 1198 500 1227 etiam
522 1204 561 1225 ex
582 1203 635 1230 eo,
663 1197 747 1232 quod
769 1197 862 1225 multo
886 1200 958 1233 post
979 1197 1148 1226 sententias
1172 1197 1357 1226 Catonianas
1381 1197 1505 1226 oracula
1526 1205 1586 1226 non
1608 1197 1700 1226 modo
1721 1196 1777 1225 ha-

197 1259 320 1290 bebant,
343 1256 400 1284 sed
423 1254 513 1282 etiam
526 1252 680 1281 vocabant
702 1251 752 1287 (cs.
768 1253 822 1288 srg.
838 1253 865 1281 2.
881 1253 907 1282 3.
924 1254 952 1281 4.
969 1253 1015 1283 83.
1032 1253 1096 1282 123.
1115 1253 1179 1282 126.
1203 1261 1228 1281 a.
1244 1254 1273 1282 b.
1291 1261 1316 1282 c.
1331 1253 1360 1281 k.
1376 1261 1405 1288 p.
1422 1252 1463 1288 q.)
1485 1252 1574 1281 facile
1595 1252 1777 1288 intelligitur.

198 1311 353 1353 Aqrz‘cola
373 1311 443 1339 erat
463 1307 588 1343 sollers,
608 1307 711 1344 itaque
733 1315 794 1336 non
809 1308 901 1337 modo
923 1309 1008 1344 liber,
1031 1317 1121 1346 quem
1137 1309 1261 1345 scripsit
1282 1308 1320 1337 dc
1335 1315 1368 1337 re
1382 1308 1505 1343 rustica,
1521 1308 1640 1345 plurimi
1655 1315 1779 1345 semper

196 1370 374 1401 habebatur,
397 1373 503 1393 verum
524 1364 614 1392 etiam
635 1371 673 1391 ex
695 1364 761 1391 aliis
778 1365 900 1399 scriptis
916 1365 987 1399 loci,
1011 1366 1061 1401 qui
1077 1368 1161 1392 crant
1177 1365 1215 1392 de
1231 1364 1423 1400 agricultura,
1440 1364 1599 1401 diligenter
1613 1363 1775 1393 transscri-

197 1427 355 1455 bcbantur.
379 1423 466 1457 (srgg.
491 1421 536 1454 13,
559 1421 606 1453 54,
630 1419 672 1454 d.)
714 1420 758 1448 De
782 1429 893 1455 genere
915 1429 988 1449 vero
1012 1422 1133 1449 dicendi
1155 1429 1258 1449 verum
1281 1424 1330 1449 est
1345 1421 1495 1456 judicium
1518 1420 1673 1450 Ciceronis
1694 1420 1776 1449 Brut.

200 1482 248 1516 87,
270 1480 343 1509 298:
375 1475 531 1507 Volvendi
551 1474 630 1504 enim
648 1478 720 1504 sunt
741 1474 819 1505 libri
838 1485 905 1505 cum
926 1476 1061 1505 aliorum
1083 1479 1144 1505 tum
1165 1475 1318 1514 imprimis
1338 1474 1477 1505 Catonis.
1520 1475 1679 1514 Intelliyes
1697 1474 1779 1504 m‘ltil

197 1536 284 1567 illius
304 1532 499 1565 lineamentis
520 1531 582 1561 nisi
602 1540 708 1562 eorum
725 1531 967 1572 pigmentorum,
988 1541 1070 1572 quae
1090 1532 1218 1561 inventa
1238 1531 1373 1561 nondum
1394 1534 1504 1567 erant,
1530 1530 1640 1570 florem
1667 1533 1697 1561 et
1725 1539 1776 1561 co-

198 1593 297 1623 lorem
318 1587 466 1628 defuisse.
508 1590 573 1617 Hoc
595 1589 666 1616 loco
689 1588 777 1616 facile
800 1589 989 1624 explicantur
1015 1589 1131 1624 reliqua
1152 1588 1268 1624 =iudicia
1291 1588 1460 1622 Ciceronis,
1491 1595 1569 1624 quae
1597 1594 1673 1616 sane
1702 1594 1775 1616 con-

197 1651 288 1679 traria
310 1649 406 1684 primo
430 1648 535 1675 obtutu
561 1647 695 1680 possunt
721 1645 825 1673 videri.
866 1646 947 1673 Brut.
970 1645 1017 1678 85,
1040 1646 1107 1678 294,
1131 1646 1168 1672 de
1192 1647 1264 1672 orat.
1287 1645 1320 1678 ΙΙ,
1346 1644 1391 1678 12,
1417 1643 1463 1672 52.
1494 1644 1532 1672 de
1559 1644 1618 1679 leg.
1648 1643 1673 1677 1,
1701 1643 1729 1677 2,
1756 1642 1775 1672 6

197 1709 279 1737 Brut.
296 1705 341 1740 17,
357 1704 405 1734 66.
447 1704 551 1738 ltaque
573 1709 611 1729 ex
633 1701 832 1736 orationibus,
852 1702 940 1730 etiam
963 1710 1000 1729 ex
1022 1702 1069 1735 iis,
1092 1709 1170 1736 (luae
1187 1701 1360 1736 Originibus
1383 1703 1467 1728 erant
1487 1701 1619 1728 insertae
1636 1700 1702 1736 (srg.
1720 1700 1775 1728 105

199 1766 229 1792 et
251 1761 318 1797 120)
342 1763 372 1789 et
393 1767 431 1788 ex
452 1758 529 1794 ipsis
552 1757 723 1793 Originibus
752 1758 845 1786 multa
870 1757 1086 1791 laudabantur,
1115 1764 1174 1785 non
1202 1758 1327 1791 propter
1351 1763 1417 1790 res,
1446 1756 1504 1784 sed
1525 1758 1650 1791 propter
1670 1755 1774 1789 verba,

201 1819 287 1855 cujus
311 1816 431 1853 generis
462 1823 501 1843 ex
523 1814 611 1842 certis
635 1814 789 1849 Originum
819 1813 993 1848 fragmentis
1023 1815 1094 1840 sunt
1116 1812 1234 1840 circiter
1257 1811 1420 1847 octoginta.
1463 1812 1567 1840 Mirum
1597 1819 1687 1846 porro
1714 1819 1775 1840 non

201 1878 257 1909 est,
280 1874 363 1910 quod
385 1872 415 1901 in
436 1873 520 1900 tanta
541 1869 699 1906 scriptoris
722 1869 865 1906 dignitate
889 1869 977 1898 ctiam
1000 1869 1179 1905 interpretes
1194 1867 1319 1904 Vergilii
1341 1867 1451 1896 nullius
1473 1867 1615 1897 libentius
1637 1866 1685 1896 usi
1705 1870 1777 1896 sunt

203 1930 378 1959 auctoritate
408 1935 498 1964 quarn
519 1926 652 1960 catonis,
680 1925 858 1961 praesertim
886 1933 978 1961 quum
1007 1923 1186 1963 plenissime
1210 1922 1250 1952 de
1274 1921 1406 1953 urbibus
1427 1919 1549 1952 Italicis
1577 1922 1774 1959 scripsisset;

203 1987 367 2022 fragmenta
389 1983 588 2020 suppeditant
608 1982 787 2018 interpretes
809 1982 850 2010 illi
873 1982 934 2009 sere
953 1981 1081 2017 triginta.
1126 1982 1242 2017 Quanta
1263 1980 1351 2008 suerit
1369 1979 1523 2016 Originum
1540 1979 1670 2015 dignitas
1686 1978 1774 2007 facile

205 2043 384 2077 perspicitur
405 2049 443 2069 ex
465 2048 502 2068 ea
522 2047 564 2073 re,
588 2039 671 2074 quod
693 2039 805 2067 Plinius
829 2039 857 2066 in
879 2038 990 2066 Italicis
1013 2038 1139 2066 urbibus
1163 2036 1393 2070 describendis,
1422 2036 1480 2064 nisi
1503 2043 1582 2071 quae
1608 2043 1627 2063 a
1648 2034 1773 2063 Graecis

205 2097 403 2133 scriptoribus
431 2098 580 2125 illustrata
608 2097 694 2123 erant
723 2103 851 2130 magnae
880 2094 1024 2123 Graeciae
1054 2094 1182 2129 oppida,
1215 2093 1303 2121 etiam
1331 2095 1404 2127 post
1430 2092 1541 2127 Hygini
1569 2098 1693 2125 operam
1718 2091 1774 2119 im-

205 2153 308 2191 primis
325 2153 467 2182 Catonem
489 2154 615 2181 secutus
632 2152 680 2179 est
694 2152 856 2179 auctorem.
884 2151 1065 2186 Fragmenta
1080 2149 1147 2186 ejus
1164 2148 1284 2186 generis
1301 2150 1372 2177 sunt
1387 2148 1505 2177 decem.
1547 2145 1575 2175 2.
1598 2146 1674 2183 Quid
1689 2155 1773 2182 vero,

207 2210 303 2238 decus
326 2209 397 2236 illud
418 2209 518 2237 curiae
540 2207 658 2243 forique
685 2209 776 2242 atque
797 2207 961 2242 imperator
982 2206 1122 2234 omnibus
1146 2205 1304 2234 virtutibus
1328 2206 1452 2233 ornatus
1475 2203 1502 2231 si
1524 2203 1706 2239 sagacitate,
1728 2203 1774 2231 in-

205 2265 332 2299 dustria,
355 2265 498 2299 doctrina,
518 2263 725 2293 voluntatibus
750 2263 881 2291 omnium
902 2263 964 2291 sere
987 2263 1120 2291 omnium
1136 2262 1291 2290 civitatum
1306 2260 1535 2296 magistratuum
1551 2258 1624 2288 mire
1640 2259 1772 2295 adjutus,

203 2330 253 2351 res
276 2322 429 2350 Romanas
451 2328 510 2349 non
531 2320 623 2349 modo
646 2319 842 2355 antiquiores,
864 2326 970 2348 verum
993 2319 1081 2348 ctiam
1098 2326 1173 2348 suae
1188 2318 1296 2347 aetatis
1313 2315 1502 2354 perscripsit,
1524 2318 1635 2352 quanto
1651 2316 1772 2351 plausu,
