<?xml version="1.0" encoding="UTF-8"?>
<!DOCTYPE html PUBLIC "-//W3C//DTD XHTML 1.0 Transitional//EN"
    "http://www.w3.org/TR/xhtml1/DTD/xhtml1-transitional.dtd">
<html xmlns="http://www.w3.org/1999/xhtml" xml:lang="en" lang="en">
 <head>
  <title>
</title>
<meta http-equiv="Content-Type" content="text/html;charset=utf-8" />
  <meta name='ocr-system' content='tesseract 3.04.00' />
  <meta name='ocr-capabilities' content='ocr_page ocr_carea ocr_par ocr_line ocrx_word'/>
</head>
<body>
  <div class='ocr_page' id='page_1' title='image "4627239_0038.png"; bbox 0 0 1980 2649; ppageno 0'>
   <div class='ocr_carea' id='block_1_1' title="bbox 961 148 1000 180">
    <p class='ocr_par' dir='ltr' id='par_1_1' title="bbox 961 148 1000 180">
     <span class='ocr_line' id='line_1_1' title="bbox 961 148 1000 180; baseline 0 0"><span class='ocrx_word' id='word_1_1' title='bbox 961 148 1000 180; x_wconf 78' lang='lat'><strong>29</strong></span> 
     </span>
    </p>
   </div>
   <div class='ocr_carea' id='block_1_2' title="bbox 884 187 1075 195">
    <p class='ocr_par' dir='ltr' id='par_1_2' title="bbox 884 187 1075 195">
     <span class='ocr_line' id='line_1_2' title="bbox 884 187 1075 195; baseline 0 2454"><span class='ocrx_word' id='word_1_2' title='bbox 884 187 1075 195; x_wconf 95' lang='lat' dir='ltr'><strong> </strong></span> 
     </span>
    </p>
   </div>
   <div class='ocr_carea' id='block_1_3' title="bbox 184 240 1970 2345">
    <p class='ocr_par' dir='ltr' id='par_1_3' title="bbox 193 240 1769 341">
     <span class='ocr_line' id='line_1_3' title="bbox 194 240 1769 284; baseline -0.004 -7"><span class='ocrx_word' id='word_1_3' title='bbox 194 254 295 277; x_wconf 79' lang='lat' dir='ltr'><strong>rarum</strong></span> <span class='ocrx_word' id='word_1_4' title='bbox 312 248 497 277; x_wconf 82' lang='lat' dir='ltr'><strong>Graecarum</strong></span> <span class='ocrx_word' id='word_1_5' title='bbox 510 245 558 276; x_wconf 77' lang='lat' dir='ltr'><strong>‘ad</strong></span> <span class='ocrx_word' id='word_1_6' title='bbox 578 246 718 284; x_wconf 88' lang='lat' dir='ltr'><strong>Origines</strong></span> <span class='ocrx_word' id='word_1_7' title='bbox 735 247 917 277; x_wconf 80' lang='lat' dir='ltr'><strong>scribendas</strong></span> <span class='ocrx_word' id='word_1_8' title='bbox 934 247 976 276; x_wconf 82' lang='lat' dir='ltr'><strong>sit</strong></span> <span class='ocrx_word' id='word_1_9' title='bbox 994 246 1146 276; x_wconf 85' lang='lat' dir='ltr'><strong>incitatus.</strong></span> <span class='ocrx_word' id='word_1_10' title='bbox 1174 244 1247 275; x_wconf 79' lang='lat' dir='ltr'><strong>Mihi</strong></span> <span class='ocrx_word' id='word_1_11' title='bbox 1265 244 1389 283; x_wconf 87' lang='lat' dir='ltr'><strong>quidem</strong></span> <span class='ocrx_word' id='word_1_12' title='bbox 1409 242 1535 273; x_wconf 84' lang='lat' dir='ltr'><strong>dubium</strong></span> <span class='ocrx_word' id='word_1_13' title='bbox 1555 249 1618 273; x_wconf 87' lang='lat' dir='ltr'><strong>non</strong></span> <span class='ocrx_word' id='word_1_14' title='bbox 1639 240 1769 276; x_wconf 77' lang='lat' dir='ltr'><strong>videtur,</strong></span> 
     </span>
     <span class='ocr_line' id='line_1_4' title="bbox 193 298 1641 341; baseline -0.004 -8"><span class='ocrx_word' id='word_1_15' title='bbox 193 303 269 341; x_wconf 66' lang='lat' dir='ltr'><strong>,quin</strong></span> <span class='ocrx_word' id='word_1_16' title='bbox 289 303 434 333; x_wconf 76' lang='lat' dir='ltr'><strong>extremis</strong></span> <span class='ocrx_word' id='word_1_17' title='bbox 456 302 578 332; x_wconf 87' lang='lat' dir='ltr'><strong>demum</strong></span> <span class='ocrx_word' id='word_1_18' title='bbox 597 302 677 331; x_wconf 82' lang='lat' dir='ltr'><strong>vitae</strong></span> <span class='ocrx_word' id='word_1_19' title='bbox 698 305 829 340; x_wconf 72' lang='lat' dir='ltr'><strong>quanior</strong></span> <span class='ocrx_word' id='word_1_20' title='bbox 847 302 1024 340; x_wconf 72' lang='lat' dir='ltr'>quinqueve</span> <span class='ocrx_word' id='word_1_21' title='bbox 1044 302 1130 331; x_wconf 83' lang='lat' dir='ltr'><strong>annis</strong></span> <span class='ocrx_word' id='word_1_22' title='bbox 1152 301 1292 338; x_wconf 87' lang='lat' dir='ltr'><strong>Origines</strong></span> <span class='ocrx_word' id='word_1_23' title='bbox 1314 298 1536 336; x_wconf 71' lang='lat' dir='ltr'><strong>conscripserit</strong></span> <span class='ocrx_word' id='word_1_24' title='bbox 1554 298 1641 329; x_wconf 78' lang='lat' dir='ltr'><strong>cato.</strong></span> 
     </span>
    </p>

    <p class='ocr_par' dir='ltr' id='par_1_4' title="bbox 185 353 1960 1891">
     <span class='ocr_line' id='line_1_5' title="bbox 233 353 1769 395; baseline -0.004 -6"><span class='ocrx_word' id='word_1_25' title='bbox 233 360 263 389; x_wconf 77' lang='lat'><strong>4.</strong></span> <span class='ocrx_word' id='word_1_26' title='bbox 296 359 392 389; x_wconf 84' lang='lat' dir='ltr'>Sunt</span> <span class='ocrx_word' id='word_1_27' title='bbox 410 358 503 388; x_wconf 84' lang='lat' dir='ltr'>libri</span> <span class='ocrx_word' id='word_1_28' title='bbox 522 361 678 395; x_wconf 79' lang='lat' dir='ltr'><strong>septem.</strong></span> <span class='ocrx_word' id='word_1_29' title='bbox 719 357 865 394; x_wconf 61' lang='lat' dir='ltr'><strong>Item-&lt;res</strong></span> <span class='ocrx_word' id='word_1_30' title='bbox 887 358 1104 395; x_wconf 82' lang='lat' dir='ltr'><strong>comprobatur</strong></span> <span class='ocrx_word' id='word_1_31' title='bbox 1122 354 1275 394; x_wconf 56' lang='lat' dir='ltr'><strong>reliquiis,</strong></span> <span class='ocrx_word' id='word_1_32' title='bbox 1296 365 1366 386; x_wconf 82' lang='lat' dir='ltr'><strong>nam</strong></span> <span class='ocrx_word' id='word_1_33' title='bbox 1387 355 1472 393; x_wconf 87' lang='lat' dir='ltr'><strong>quod</strong></span> <span class='ocrx_word' id='word_1_34' title='bbox 1493 355 1564 385; x_wconf 91' lang='lat' dir='ltr'><strong>olim</strong></span> <span class='ocrx_word' id='word_1_35' title='bbox 1584 353 1769 384; x_wconf 71' lang='lat' dir='ltr'><strong>laudabatur</strong></span> 
     </span>
     <span class='ocr_line' id='line_1_6' title="bbox 194 408 1765 451; baseline -0.003 -8"><span class='ocrx_word' id='word_1_36' title='bbox 194 414 393 451; x_wconf 78' lang='lat' dir='ltr'><strong>iragmentum</strong></span> <span class='ocrx_word' id='word_1_37' title='bbox 414 421 454 442; x_wconf 86' lang='lat' dir='ltr'><strong>ex</strong></span> <span class='ocrx_word' id='word_1_38' title='bbox 473 413 550 443; x_wconf 87' lang='lat' dir='ltr'><strong>libro</strong></span> <span class='ocrx_word' id='word_1_39' title='bbox 572 417 682 444; x_wconf 79' lang='lat' dir='ltr'><strong>octavo</strong></span> <span class='ocrx_word' id='word_1_40' title='bbox 702 421 722 443; x_wconf 83' lang='lat' dir='ltr'><strong>a</strong></span> <span class='ocrx_word' id='word_1_41' title='bbox 740 414 839 444; x_wconf 85' lang='lat' dir='ltr'><strong>Nonio</strong></span> <span class='ocrx_word' id='word_1_42' title='bbox 859 421 889 443; x_wconf 87' lang='lat' dir='ltr'><strong>v.</strong></span> <span class='ocrx_word' id='word_1_43' title='bbox 910 413 1115 451; x_wconf 81' lang='lat' dir='ltr'><strong>pisculentum</strong></span> <span class='ocrx_word' id='word_1_44' title='bbox 1137 412 1204 449; x_wconf 78' lang='lat' dir='ltr'><strong>(frg.</strong></span> <span class='ocrx_word' id='word_1_45' title='bbox 1228 411 1306 448; x_wconf 83' lang='lat'><strong>112),</strong></span> <span class='ocrx_word' id='word_1_46' title='bbox 1329 412 1394 449; x_wconf 78' lang='lat' dir='ltr'><strong>jam</strong></span> <span class='ocrx_word' id='word_1_47' title='bbox 1415 409 1533 447; x_wconf 85' lang='lat' dir='ltr'><strong>pridem</strong></span> <span class='ocrx_word' id='word_1_48' title='bbox 1561 417 1601 438; x_wconf 88' lang='lat' dir='ltr'><strong>ex</strong></span> <span class='ocrx_word' id='word_1_49' title='bbox 1621 408 1765 439; x_wconf 84' lang='lat' dir='ltr'><strong>codicum</strong></span> 
     </span>
     <span class='ocr_line' id='line_1_7' title="bbox 194 463 1765 507; baseline -0.004 -8"><span class='ocrx_word' id='word_1_50' title='bbox 194 470 376 499; x_wconf 73' lang='lat' dir='ltr'><strong>metoritate</strong></span> <span class='ocrx_word' id='word_1_51' title='bbox 398 469 528 506; x_wconf 88' lang='lat' dir='ltr'><strong>septimo</strong></span> <span class='ocrx_word' id='word_1_52' title='bbox 549 468 626 499; x_wconf 90' lang='lat' dir='ltr'><strong>libro</strong></span> <span class='ocrx_word' id='word_1_53' title='bbox 649 472 699 499; x_wconf 90' lang='lat' dir='ltr'><strong>est</strong></span> <span class='ocrx_word' id='word_1_54' title='bbox 711 470 909 507; x_wconf 85' lang='lat' dir='ltr'><strong>adscriptum.</strong></span> <span class='ocrx_word' id='word_1_55' title='bbox 949 470 1054 506; x_wconf 84' lang='lat' dir='ltr'><strong>ltaque</strong></span> <span class='ocrx_word' id='word_1_56' title='bbox 1067 468 1306 505; x_wconf 81' lang='lat' dir='ltr'><strong>praetermittere</strong></span> <span class='ocrx_word' id='word_1_57' title='bbox 1319 473 1489 504; x_wconf 80' lang='lat' dir='ltr'><strong>possemus</strong></span> <span class='ocrx_word' id='word_1_58' title='bbox 1509 464 1590 494; x_wconf 86' lang='lat' dir='ltr'><strong>hanc</strong></span> <span class='ocrx_word' id='word_1_59' title='bbox 1610 472 1684 499; x_wconf 88' lang='lat' dir='ltr'><strong>rem,</strong></span> <span class='ocrx_word' id='word_1_60' title='bbox 1705 463 1765 494; x_wconf 82' lang='lat' dir='ltr'><strong>nisi</strong></span> 
     </span>
     <span class='ocr_line' id='line_1_8' title="bbox 192 513 1762 563; baseline -0.004 -8"><span class='ocrx_word' id='word_1_61' title='bbox 192 513 371 555; x_wconf 80' lang='lat' dir='ltr'><strong>Ludovicus</strong></span> <span class='ocrx_word' id='word_1_62' title='bbox 392 523 508 555; x_wconf 89' lang='lat' dir='ltr'><strong>Lersch</strong></span> <span class='ocrx_word' id='word_1_63' title='bbox 528 522 628 563; x_wconf 74' lang='lat' dir='ltr'><strong>(Rom.</strong></span> <span class='ocrx_word' id='word_1_64' title='bbox 652 523 771 555; x_wconf 77' lang='lat' dir='ltr'><strong>Diorth.</strong></span> <span class='ocrx_word' id='word_1_65' title='bbox 794 524 825 554; x_wconf 94' lang='lat' dir='ltr'><strong>in</strong></span> <span class='ocrx_word' id='word_1_66' title='bbox 845 524 923 556; x_wconf 75' lang='lat' dir='ltr'><strong>Mus.</strong></span> <span class='ocrx_word' id='word_1_67' title='bbox 945 525 1003 555; x_wconf 88' lang='lat' dir='ltr'><strong>der</strong></span> <span class='ocrx_word' id='word_1_68' title='bbox 1027 522 1271 561; x_wconf 73' lang='lat' dir='ltr'><strong>theim-westph.</strong></span> <span class='ocrx_word' id='word_1_69' title='bbox 1292 522 1516 553; x_wconf 73' lang='lat' dir='ltr'><strong>schulmanner</strong></span> <span class='ocrx_word' id='word_1_70' title='bbox 1537 520 1577 550; x_wconf 86' lang='lat'><strong>111</strong></span> <span class='ocrx_word' id='word_1_71' title='bbox 1597 518 1711 556; x_wconf 77' lang='lat'><strong>(1845),</strong></span> <span class='ocrx_word' id='word_1_72' title='bbox 1732 518 1762 555; x_wconf 77' lang='lat'><strong>³,</strong></span> 
     </span>
     <span class='ocr_line' id='line_1_9' title="bbox 192 575 1763 618; baseline -0.005 -8"><span class='ocrx_word' id='word_1_73' title='bbox 192 588 224 618; x_wconf 87' lang='lat' dir='ltr'><strong>p.</strong></span> <span class='ocrx_word' id='word_1_74' title='bbox 245 579 398 617; x_wconf 76' lang='lat'><strong>233—35)</strong></span> <span class='ocrx_word' id='word_1_75' title='bbox 420 581 460 610; x_wconf 83' lang='lat' dir='ltr'><strong>ad</strong></span> <span class='ocrx_word' id='word_1_76' title='bbox 480 587 547 609; x_wconf 75' lang='lat' dir='ltr'><strong>eam</strong></span> <span class='ocrx_word' id='word_1_77' title='bbox 569 580 743 617; x_wconf 84' lang='lat' dir='ltr'><strong>opinionem</strong></span> <span class='ocrx_word' id='word_1_78' title='bbox 764 580 956 616; x_wconf 85' lang='lat' dir='ltr'><strong>devenisset,</strong></span> <span class='ocrx_word' id='word_1_79' title='bbox 982 583 1017 609; x_wconf 87' lang='lat' dir='ltr'><strong>ut</strong></span> <span class='ocrx_word' id='word_1_80' title='bbox 1036 588 1097 609; x_wconf 89' lang='lat' dir='ltr'><strong>non</strong></span> <span class='ocrx_word' id='word_1_81' title='bbox 1114 580 1217 617; x_wconf 89' lang='lat' dir='ltr'><strong>ipsum</strong></span> <span class='ocrx_word' id='word_1_82' title='bbox 1237 579 1392 614; x_wconf 87' lang='lat' dir='ltr'><strong>catonem,</strong></span> <span class='ocrx_word' id='word_1_83' title='bbox 1414 578 1473 607; x_wconf 89' lang='lat' dir='ltr'><strong>sed</strong></span> <span class='ocrx_word' id='word_1_84' title='bbox 1494 576 1655 607; x_wconf 86' lang='lat' dir='ltr'><strong>Octavium</strong></span> <span class='ocrx_word' id='word_1_85' title='bbox 1674 575 1763 604; x_wconf 82' lang='lat' dir='ltr'><strong>Lam-</strong></span> 
     </span>
     <span class='ocr_line' id='line_1_10' title="bbox 185 631 1763 674; baseline -0.004 -7"><span class='ocrx_word' id='word_1_86' title='bbox 185 637 361 674; x_wconf 83' lang='lat' dir='ltr'><strong>padionem</strong></span> <span class='ocrx_word' id='word_1_87' title='bbox 383 637 524 674; x_wconf 87' lang='lat' dir='ltr'><strong>Origines</strong></span> <span class='ocrx_word' id='word_1_88' title='bbox 544 636 574 666; x_wconf 89' lang='lat' dir='ltr'><strong>in</strong></span> <span class='ocrx_word' id='word_1_89' title='bbox 596 638 715 673; x_wconf 88' lang='lat' dir='ltr'><strong>septem</strong></span> <span class='ocrx_word' id='word_1_90' title='bbox 735 636 832 667; x_wconf 91' lang='lat' dir='ltr'><strong>libros</strong></span> <span class='ocrx_word' id='word_1_91' title='bbox 858 636 1005 667; x_wconf 86' lang='lat' dir='ltr'><strong>divisisse</strong></span> <span class='ocrx_word' id='word_1_92' title='bbox 1032 639 1159 674; x_wconf 83' lang='lat' dir='ltr'><strong>putaret.</strong></span> <span class='ocrx_word' id='word_1_93' title='bbox 1205 636 1293 666; x_wconf 88' lang='lat' dir='ltr'><strong>Certe</strong></span> <span class='ocrx_word' id='word_1_94' title='bbox 1318 644 1380 665; x_wconf 90' lang='lat' dir='ltr'><strong>non</strong></span> <span class='ocrx_word' id='word_1_95' title='bbox 1406 634 1482 672; x_wconf 76' lang='lat' dir='ltr'><strong>fugit</strong></span> <span class='ocrx_word' id='word_1_96' title='bbox 1507 633 1605 663; x_wconf 87' lang='lat' dir='ltr'><strong>virum</strong></span> <span class='ocrx_word' id='word_1_97' title='bbox 1637 631 1763 661; x_wconf 89' lang='lat' dir='ltr'><strong>doctum</strong></span> 
     </span>
     <span class='ocr_line' id='line_1_11' title="bbox 192 687 1762 731; baseline -0.004 -8"><span class='ocrx_word' id='word_1_98' title='bbox 192 692 282 724; x_wconf 88' lang='lat' dir='ltr'><strong>loeus</strong></span> <span class='ocrx_word' id='word_1_99' title='bbox 303 693 355 723; x_wconf 84' lang='lat' dir='ltr'><strong>ille</strong></span> <span class='ocrx_word' id='word_1_100' title='bbox 375 691 549 728; x_wconf 82' lang='lat' dir='ltr'><strong>Ciceronis,</strong></span> <span class='ocrx_word' id='word_1_101' title='bbox 570 699 631 729; x_wconf 88' lang='lat' dir='ltr'><strong>quo</strong></span> <span class='ocrx_word' id='word_1_102' title='bbox 652 692 723 723; x_wconf 87' lang='lat' dir='ltr'><strong>loco</strong></span> <span class='ocrx_word' id='word_1_103' title='bbox 743 692 905 730; x_wconf 87' lang='lat' dir='ltr'><strong>septimum</strong></span> <span class='ocrx_word' id='word_1_104' title='bbox 926 692 1080 731; x_wconf 80' lang='lat' dir='ltr'><strong>Originum</strong></span> <span class='ocrx_word' id='word_1_105' title='bbox 1100 692 1209 723; x_wconf 91' lang='lat' dir='ltr'><strong>librum</strong></span> <span class='ocrx_word' id='word_1_106' title='bbox 1229 691 1259 721; x_wconf 90' lang='lat' dir='ltr'><strong>in</strong></span> <span class='ocrx_word' id='word_1_107' title='bbox 1280 691 1419 722; x_wconf 83' lang='lat' dir='ltr'><strong>manibus</strong></span> <span class='ocrx_word' id='word_1_108' title='bbox 1448 689 1613 720; x_wconf 84' lang='lat' dir='ltr'><strong>habentem</strong></span> <span class='ocrx_word' id='word_1_109' title='bbox 1643 687 1762 718; x_wconf 84' lang='lat' dir='ltr'><strong>inducit</strong></span> 
     </span>
     <span class='ocr_line' id='line_1_12' title="bbox 194 742 1760 785; baseline -0.004 -7"><span class='ocrx_word' id='word_1_110' title='bbox 194 748 436 783; x_wconf 44' lang='lat' dir='ltr'><strong>Catonemssed</strong></span> <span class='ocrx_word' id='word_1_111' title='bbox 456 747 499 777; x_wconf 82' lang='lat' dir='ltr'><strong>ita</strong></span> <span class='ocrx_word' id='word_1_112' title='bbox 518 747 660 784; x_wconf 86' lang='lat' dir='ltr'><strong>explicat,</strong></span> <span class='ocrx_word' id='word_1_113' title='bbox 681 750 716 777; x_wconf 92' lang='lat' dir='ltr'><strong>ut</strong></span> <span class='ocrx_word' id='word_1_114' title='bbox 735 748 861 778; x_wconf 87' lang='lat' dir='ltr'><strong>oblitum</strong></span> <span class='ocrx_word' id='word_1_115' title='bbox 881 748 978 778; x_wconf 78' lang='lat' dir='ltr'><strong>fuisse</strong></span> <span class='ocrx_word' id='word_1_116' title='bbox 998 750 1084 785; x_wconf 86' lang='lat' dir='ltr'><strong>putet</strong></span> <span class='ocrx_word' id='word_1_117' title='bbox 1104 747 1292 782; x_wconf 86' lang='lat' dir='ltr'><strong>Ciceronem,</strong></span> <span class='ocrx_word' id='word_1_118' title='bbox 1314 754 1374 776; x_wconf 88' lang='lat' dir='ltr'><strong>non</strong></span> <span class='ocrx_word' id='word_1_119' title='bbox 1395 746 1497 783; x_wconf 90' lang='lat' dir='ltr'><strong>ipsum</strong></span> <span class='ocrx_word' id='word_1_120' title='bbox 1518 744 1679 778; x_wconf 84' lang='lat' dir='ltr'><strong>Catonem,</strong></span> <span class='ocrx_word' id='word_1_121' title='bbox 1701 742 1760 772; x_wconf 86' lang='lat' dir='ltr'><strong>sed</strong></span> 
     </span>
     <span class='ocr_line' id='line_1_13' title="bbox 190 799 1760 841; baseline -0.004 -8"><span class='ocrx_word' id='word_1_122' title='bbox 190 803 429 840; x_wconf 78' lang='lat' dir='ltr'><strong>Lampadionem</strong></span> <span class='ocrx_word' id='word_1_123' title='bbox 455 803 497 831; x_wconf 85' lang='lat' dir='ltr'><strong>ita</strong></span> <span class='ocrx_word' id='word_1_124' title='bbox 523 803 717 833; x_wconf 85' lang='lat' dir='ltr'><strong>distribuisse</strong></span> <span class='ocrx_word' id='word_1_125' title='bbox 739 812 828 841; x_wconf 91' lang='lat' dir='ltr'><strong>opus.</strong></span> <span class='ocrx_word' id='word_1_126' title='bbox 868 804 967 834; x_wconf 88' lang='lat' dir='ltr'><strong>Utitur</strong></span> <span class='ocrx_word' id='word_1_127' title='bbox 986 807 1085 833; x_wconf 82' lang='lat' dir='ltr'><strong>autern</strong></span> <span class='ocrx_word' id='word_1_128' title='bbox 1104 803 1222 833; x_wconf 88' lang='lat' dir='ltr'><strong>Lersch</strong></span> <span class='ocrx_word' id='word_1_129' title='bbox 1245 802 1429 839; x_wconf 83' lang='lat' dir='ltr'><strong>argumentis</strong></span> <span class='ocrx_word' id='word_1_130' title='bbox 1451 801 1603 838; x_wconf 87' lang='lat' dir='ltr'><strong>quinque,</strong></span> <span class='ocrx_word' id='word_1_131' title='bbox 1629 799 1760 835; x_wconf 88' lang='lat' dir='ltr'><strong>primum</strong></span> 
     </span>
     <span class='ocr_line' id='line_1_14' title="bbox 191 854 1758 903; baseline -0.003 -16"><span class='ocrx_word' id='word_1_132' title='bbox 191 858 1171 903; x_wconf 51' lang='lat' dir='ltr'><strong>lQQ,</strong></span> <span class='ocrx_word' id='word_1_133' title='bbox 1200 865 1291 895; x_wconf 88' lang='lat' dir='ltr'><strong>quem</strong></span> <span class='ocrx_word' id='word_1_134' title='bbox 1318 865 1379 887; x_wconf 90' lang='lat' dir='ltr'><strong>non</strong></span> <span class='ocrx_word' id='word_1_135' title='bbox 1397 859 1482 886; x_wconf 88' lang='lat' dir='ltr'><strong>recte</strong></span> <span class='ocrx_word' id='word_1_136' title='bbox 1502 854 1641 885; x_wconf 82' lang='lat' dir='ltr'><strong>adhiberi</strong></span> <span class='ocrx_word' id='word_1_137' title='bbox 1662 854 1758 883; x_wconf 87' lang='lat' dir='ltr'><strong>doce-</strong></span> 
     </span>
     <span class='ocr_line' id='line_1_15' title="bbox 190 909 1758 950; baseline -0.003 -8"><span class='ocrx_word' id='word_1_138' title='bbox 190 913 307 949; x_wconf 85' lang='lat' dir='ltr'><strong>bimus,</strong></span> <span class='ocrx_word' id='word_1_139' title='bbox 327 914 379 943; x_wconf 90' lang='lat' dir='ltr'><strong>ubi</strong></span> <span class='ocrx_word' id='word_1_140' title='bbox 401 914 440 943; x_wconf 89' lang='lat' dir='ltr'><strong>de</strong></span> <span class='ocrx_word' id='word_1_141' title='bbox 461 914 577 944; x_wconf 75' lang='lat' dir='ltr'><strong>Statilio</strong></span> <span class='ocrx_word' id='word_1_142' title='bbox 603 914 733 943; x_wconf 79' lang='lat' dir='ltr'><strong>Maximo</strong></span> <span class='ocrx_word' id='word_1_143' title='bbox 760 915 960 945; x_wconf 88' lang='lat' dir='ltr'><strong>disseremus.</strong></span> <span class='ocrx_word' id='word_1_144' title='bbox 1001 914 1118 944; x_wconf 88' lang='lat' dir='ltr'><strong>Deinde</strong></span> <span class='ocrx_word' id='word_1_145' title='bbox 1145 921 1261 943; x_wconf 90' lang='lat' dir='ltr'><strong>morem</strong></span> <span class='ocrx_word' id='word_1_146' title='bbox 1287 914 1317 941; x_wconf 90' lang='lat' dir='ltr'><strong>in</strong></span> <span class='ocrx_word' id='word_1_147' title='bbox 1345 913 1450 950; x_wconf 91' lang='lat' dir='ltr'><strong>plures</strong></span> <span class='ocrx_word' id='word_1_148' title='bbox 1477 912 1573 941; x_wconf 89' lang='lat' dir='ltr'><strong>libros</strong></span> <span class='ocrx_word' id='word_1_149' title='bbox 1600 909 1758 939; x_wconf 89' lang='lat' dir='ltr'><strong>dividendi</strong></span> 
     </span>
     <span class='ocr_line' id='line_1_16' title="bbox 191 968 1757 1006; baseline -0.003 -9"><span class='ocrx_word' id='word_1_150' title='bbox 191 969 339 998; x_wconf 80' lang='lat' dir='ltr'><strong>Graecum</strong></span> <span class='ocrx_word' id='word_1_151' title='bbox 359 970 456 999; x_wconf 76' lang='lat' dir='ltr'><strong>fuisse</strong></span> <span class='ocrx_word' id='word_1_152' title='bbox 476 977 607 1006; x_wconf 90' lang='lat' dir='ltr'><strong>eumque</strong></span> <span class='ocrx_word' id='word_1_153' title='bbox 628 970 758 999; x_wconf 82' lang='lat' dir='ltr'><strong>alienum</strong></span> <span class='ocrx_word' id='word_1_154' title='bbox 779 978 799 999; x_wconf 87' lang='lat' dir='ltr'><strong>a</strong></span> <span class='ocrx_word' id='word_1_155' title='bbox 818 971 933 1000; x_wconf 87' lang='lat' dir='ltr'><strong>Catone</strong></span> <span class='ocrx_word' id='word_1_156' title='bbox 952 970 1088 1005; x_wconf 79' lang='lat' dir='ltr'><strong>affirmat,</strong></span> <span class='ocrx_word' id='word_1_157' title='bbox 1110 970 1168 999; x_wconf 88' lang='lat' dir='ltr'><strong>sed</strong></span> <span class='ocrx_word' id='word_1_158' title='bbox 1188 978 1247 998; x_wconf 92' lang='lat' dir='ltr'><strong>nos</strong></span> <span class='ocrx_word' id='word_1_159' title='bbox 1269 977 1363 1005; x_wconf 85' lang='lat' dir='ltr'><strong>supra</strong></span> <span class='ocrx_word' id='word_1_160' title='bbox 1384 968 1670 1000; x_wconf 84' lang='lat' dir='ltr'><strong>demonstravimus,</strong></span> <span class='ocrx_word' id='word_1_161' title='bbox 1692 973 1757 993; x_wconf 90' lang='lat' dir='ltr'><strong>non</strong></span> 
     </span>
     <span class='ocr_line' id='line_1_17' title="bbox 189 1022 1756 1062; baseline -0.002 -10"><span class='ocrx_word' id='word_1_162' title='bbox 189 1024 320 1052; x_wconf 83' lang='lat' dir='ltr'><strong>alienum</strong></span> <span class='ocrx_word' id='word_1_163' title='bbox 339 1024 437 1053; x_wconf 79' lang='lat' dir='ltr'><strong>tuisse</strong></span> <span class='ocrx_word' id='word_1_164' title='bbox 457 1025 603 1054; x_wconf 85' lang='lat' dir='ltr'><strong>Catonem</strong></span> <span class='ocrx_word' id='word_1_165' title='bbox 623 1033 642 1053; x_wconf 85' lang='lat' dir='ltr'><strong>a</strong></span> <span class='ocrx_word' id='word_1_166' title='bbox 663 1026 779 1054; x_wconf 87' lang='lat' dir='ltr'><strong>Graeca</strong></span> <span class='ocrx_word' id='word_1_167' title='bbox 799 1027 946 1060; x_wconf 83' lang='lat' dir='ltr'><strong>doctrina,</strong></span> <span class='ocrx_word' id='word_1_168' title='bbox 968 1034 1061 1062; x_wconf 91' lang='lat' dir='ltr'><strong>quum</strong></span> <span class='ocrx_word' id='word_1_169' title='bbox 1081 1026 1220 1062; x_wconf 86' lang='lat' dir='ltr'><strong>Origines</strong></span> <span class='ocrx_word' id='word_1_170' title='bbox 1242 1026 1459 1054; x_wconf 85' lang='lat' dir='ltr'><strong>conscriberet.</strong></span> <span class='ocrx_word' id='word_1_171' title='bbox 1500 1024 1577 1052; x_wconf 86' lang='lat' dir='ltr'><strong>&#39;rum</strong></span> <span class='ocrx_word' id='word_1_172' title='bbox 1598 1022 1756 1051; x_wconf 82' lang='lat' dir='ltr'><strong>contendit</strong></span> 
     </span>
     <span class='ocr_line' id='line_1_18' title="bbox 190 1079 1755 1118; baseline -0.002 -11"><span class='ocrx_word' id='word_1_173' title='bbox 190 1079 325 1115; x_wconf 81' lang='lat' dir='ltr'><strong>ineptam</strong></span> <span class='ocrx_word' id='word_1_174' title='bbox 346 1087 420 1109; x_wconf 89' lang='lat' dir='ltr'><strong>esse</strong></span> <span class='ocrx_word' id='word_1_175' title='bbox 432 1080 585 1116; x_wconf 83' lang='lat' dir='ltr'><strong>Originum</strong></span> <span class='ocrx_word' id='word_1_176' title='bbox 606 1081 845 1118; x_wconf 85' lang='lat' dir='ltr'><strong>inscriptionem,</strong></span> <span class='ocrx_word' id='word_1_177' title='bbox 866 1082 925 1111; x_wconf 90' lang='lat' dir='ltr'><strong>nisi</strong></span> <span class='ocrx_word' id='word_1_178' title='bbox 944 1082 1035 1111; x_wconf 90' lang='lat' dir='ltr'><strong>unico</strong></span> <span class='ocrx_word' id='word_1_179' title='bbox 1057 1082 1210 1111; x_wconf 88' lang='lat' dir='ltr'><strong>volumine</strong></span> <span class='ocrx_word' id='word_1_180' title='bbox 1231 1084 1262 1110; x_wconf 90' lang='lat' dir='ltr'><strong>et</strong></span> <span class='ocrx_word' id='word_1_181' title='bbox 1282 1080 1448 1111; x_wconf 88' lang='lat' dir='ltr'><strong>continenti</strong></span> <span class='ocrx_word' id='word_1_182' title='bbox 1469 1079 1629 1114; x_wconf 84' lang='lat' dir='ltr'><strong>scriptura,</strong></span> <span class='ocrx_word' id='word_1_183' title='bbox 1649 1080 1684 1106; x_wconf 90' lang='lat' dir='ltr'><strong>ut</strong></span> <span class='ocrx_word' id='word_1_184' title='bbox 1702 1080 1755 1105; x_wconf 90' lang='lat' dir='ltr'><strong>est</strong></span> 
     </span>
     <span class='ocr_line' id='line_1_19' title="bbox 190 1134 1754 1175; baseline -0.001 -13"><span class='ocrx_word' id='word_1_185' title='bbox 190 1134 271 1171; x_wconf 87' lang='lat' dir='ltr'><strong>apud</strong></span> <span class='ocrx_word' id='word_1_186' title='bbox 278 1134 465 1171; x_wconf 85' lang='lat' dir='ltr'><strong>Suetonium,</strong></span> <span class='ocrx_word' id='word_1_187' title='bbox 478 1142 529 1165; x_wconf 89' lang='lat' dir='ltr'><strong>res</strong></span> <span class='ocrx_word' id='word_1_188' title='bbox 542 1137 742 1173; x_wconf 89' lang='lat' dir='ltr'><strong>exposuisset</strong></span> <span class='ocrx_word' id='word_1_189' title='bbox 748 1137 830 1167; x_wconf 86' lang='lat' dir='ltr'><strong>Cato.</strong></span> <span class='ocrx_word' id='word_1_190' title='bbox 852 1138 1008 1174; x_wconf 85' lang='lat' dir='ltr'><strong>subtilius,</strong></span> <span class='ocrx_word' id='word_1_191' title='bbox 1018 1145 1108 1175; x_wconf 89' lang='lat' dir='ltr'><strong>quam</strong></span> <span class='ocrx_word' id='word_1_192' title='bbox 1119 1137 1221 1167; x_wconf 84' lang='lat' dir='ltr'><strong>verius</strong></span> <span class='ocrx_word' id='word_1_193' title='bbox 1233 1137 1448 1174; x_wconf 84' lang='lat' dir='ltr'><strong>excogitatum,</strong></span> <span class='ocrx_word' id='word_1_194' title='bbox 1460 1134 1639 1171; x_wconf 84' lang='lat' dir='ltr'><strong>praesertim</strong></span> <span class='ocrx_word' id='word_1_195' title='bbox 1652 1140 1754 1169; x_wconf 91' lang='lat' dir='ltr'><strong>quum,</strong></span> 
     </span>
     <span class='ocr_line' id='line_1_20' title="bbox 189 1185 1756 1229; baseline 0 -13"><span class='ocrx_word' id='word_1_196' title='bbox 189 1189 221 1217; x_wconf 91' lang='lat' dir='ltr'><strong>id</strong></span> <span class='ocrx_word' id='word_1_197' title='bbox 242 1189 327 1225; x_wconf 89' lang='lat' dir='ltr'><strong>quod</strong></span> <span class='ocrx_word' id='word_1_198' title='bbox 346 1190 423 1218; x_wconf 79' lang='lat' dir='ltr'><strong>infra</strong></span> <span class='ocrx_word' id='word_1_199' title='bbox 442 1198 491 1219; x_wconf 90' lang='lat' dir='ltr'><strong>me</strong></span> <span class='ocrx_word' id='word_1_200' title='bbox 511 1198 603 1227; x_wconf 90' lang='lat' dir='ltr'><strong>spero</strong></span> <span class='ocrx_word' id='word_1_201' title='bbox 625 1193 906 1228; x_wconf 81' lang='lat' dir='ltr'><strong>comprobaturum,</strong></span> <span class='ocrx_word' id='word_1_202' title='bbox 931 1201 992 1222; x_wconf 90' lang='lat' dir='ltr'><strong>non</strong></span> <span class='ocrx_word' id='word_1_203' title='bbox 1013 1194 1104 1222; x_wconf 91' lang='lat' dir='ltr'><strong>modo</strong></span> <span class='ocrx_word' id='word_1_204' title='bbox 1126 1194 1230 1229; x_wconf 89' lang='lat' dir='ltr'><strong>primis</strong></span> <span class='ocrx_word' id='word_1_205' title='bbox 1252 1193 1353 1227; x_wconf 89' lang='lat' dir='ltr'><strong>libris,</strong></span> <span class='ocrx_word' id='word_1_206' title='bbox 1381 1191 1439 1220; x_wconf 87' lang='lat' dir='ltr'><strong>sed</strong></span> <span class='ocrx_word' id='word_1_207' title='bbox 1461 1190 1602 1219; x_wconf 90' lang='lat' dir='ltr'><strong>omnibus</strong></span> <span class='ocrx_word' id='word_1_208' title='bbox 1623 1185 1696 1225; x_wconf 76' lang='lat' dir='ltr'><strong>apta</strong></span> <span class='ocrx_word' id='word_1_209' title='bbox 1715 1188 1756 1216; x_wconf 87' lang='lat' dir='ltr'><strong>sit</strong></span> 
     </span>
     <span class='ocr_line' id='line_1_21' title="bbox 189 1242 1753 1285; baseline -0.001 -12"><span class='ocrx_word' id='word_1_210' title='bbox 189 1251 226 1273; x_wconf 88' lang='lat' dir='ltr'><strong>ea</strong></span> <span class='ocrx_word' id='word_1_211' title='bbox 246 1244 415 1282; x_wconf 84' lang='lat' dir='ltr'><strong>inscriptio.</strong></span> <span class='ocrx_word' id='word_1_212' title='bbox 457 1246 597 1283; x_wconf 82' lang='lat' dir='ltr'><strong>Quartum</strong></span> <span class='ocrx_word' id='word_1_213' title='bbox 618 1251 825 1284; x_wconf 82' lang='lat' dir='ltr'><strong>argumentum</strong></span> <span class='ocrx_word' id='word_1_214' title='bbox 844 1249 1056 1285; x_wconf 85' lang='lat' dir='ltr'><strong>gravissimum</strong></span> <span class='ocrx_word' id='word_1_215' title='bbox 1071 1249 1199 1278; x_wconf 86' lang='lat' dir='ltr'><strong>videtur.</strong></span> <span class='ocrx_word' id='word_1_216' title='bbox 1240 1249 1335 1279; x_wconf 88' lang='lat' dir='ltr'><strong>Recte</strong></span> <span class='ocrx_word' id='word_1_217' title='bbox 1354 1248 1431 1277; x_wconf 91' lang='lat' dir='ltr'><strong>enim</strong></span> <span class='ocrx_word' id='word_1_218' title='bbox 1446 1245 1620 1276; x_wconf 81' lang='lat' dir='ltr'><strong>Fn&#39;dericus</strong></span> <span class='ocrx_word' id='word_1_219' title='bbox 1635 1242 1753 1273; x_wconf 88' lang='lat' dir='ltr'><strong>Ritschl</strong></span> 
     </span>
     <span class='ocr_line' id='line_1_22' title="bbox 189 1286 1849 1355; baseline 0 -27"><span class='ocrx_word' id='word_1_220' title='bbox 189 1296 257 1335; x_wconf 82' lang='lat' dir='ltr'><strong>(Rh.</strong></span> <span class='ocrx_word' id='word_1_221' title='bbox 272 1298 349 1328; x_wconf 87' lang='lat' dir='ltr'><strong>Mus.</strong></span> <span class='ocrx_word' id='word_1_222' title='bbox 371 1300 421 1336; x_wconf 88' lang='lat' dir='ltr'><strong>Vl,</strong></span> <span class='ocrx_word' id='word_1_223' title='bbox 434 1299 540 1355; x_wconf 53' lang='lat' dir='ltr'>Q</span> <span class='ocrx_word' id='word_1_224' title='bbox 551 1302 716 1338; x_wconf 85' lang='lat' dir='ltr'><strong>contendit,</strong></span> <span class='ocrx_word' id='word_1_225' title='bbox 737 1310 832 1340; x_wconf 84' lang='lat' dir='ltr'><strong>opera</strong></span> <span class='ocrx_word' id='word_1_226' title='bbox 850 1303 881 1331; x_wconf 90' lang='lat' dir='ltr'><strong>in</strong></span> <span class='ocrx_word' id='word_1_227' title='bbox 902 1304 1005 1341; x_wconf 90' lang='lat' dir='ltr'><strong>plures</strong></span> <span class='ocrx_word' id='word_1_228' title='bbox 1027 1304 1123 1333; x_wconf 90' lang='lat' dir='ltr'><strong>libros</strong></span> <span class='ocrx_word' id='word_1_229' title='bbox 1146 1304 1246 1333; x_wconf 86' lang='lat' dir='ltr'><strong>divisa</strong></span> <span class='ocrx_word' id='word_1_230' title='bbox 1266 1311 1430 1341; x_wconf 84' lang='lat' dir='ltr'><strong>numquam</strong></span> <span class='ocrx_word' id='word_1_231' title='bbox 1451 1310 1469 1330; x_wconf 80' lang='lat' dir='ltr'><strong>a</strong></span> <span class='ocrx_word' id='word_1_232' title='bbox 1489 1300 1579 1330; x_wconf 91' lang='lat' dir='ltr'><strong>bonis</strong></span> <span class='ocrx_word' id='word_1_233' title='bbox 1602 1305 1751 1337; x_wconf 85' lang='lat' dir='ltr'><strong>gramma·</strong></span> <span class='ocrx_word' id='word_1_234' title='bbox 1787 1286 1849 1332; x_wconf 74' lang='lat' dir='ltr'><em>f</em></span> 
     </span>
     <span class='ocr_line' id='line_1_23' title="bbox 188 1352 1970 1396; baseline 0 -15"><span class='ocrx_word' id='word_1_235' title='bbox 188 1355 257 1382; x_wconf 81' lang='lat' dir='ltr'><strong>tieis</strong></span> <span class='ocrx_word' id='word_1_236' title='bbox 279 1355 479 1390; x_wconf 83' lang='lat' dir='ltr'><strong>singulariter,</strong></span> <span class='ocrx_word' id='word_1_237' title='bbox 505 1359 538 1383; x_wconf 86' lang='lat' dir='ltr'><strong>ut</strong></span> <span class='ocrx_word' id='word_1_238' title='bbox 559 1358 670 1391; x_wconf 88' lang='lat' dir='ltr'><strong>dicunt,</strong></span> <span class='ocrx_word' id='word_1_239' title='bbox 693 1359 785 1393; x_wconf 86' lang='lat' dir='ltr'><strong>citari,</strong></span> <span class='ocrx_word' id='word_1_240' title='bbox 807 1359 838 1387; x_wconf 90' lang='lat' dir='ltr'><strong>id</strong></span> <span class='ocrx_word' id='word_1_241' title='bbox 860 1360 944 1395; x_wconf 92' lang='lat' dir='ltr'><strong>quod</strong></span> <span class='ocrx_word' id='word_1_242' title='bbox 971 1360 1000 1386; x_wconf 89' lang='lat' dir='ltr'><strong>in</strong></span> <span class='ocrx_word' id='word_1_243' title='bbox 1022 1360 1194 1396; x_wconf 84' lang='lat' dir='ltr'><strong>Originibus</strong></span> <span class='ocrx_word' id='word_1_244' title='bbox 1216 1360 1263 1388; x_wconf 88' lang='lat' dir='ltr'><strong>bis</strong></span> <span class='ocrx_word' id='word_1_245' title='bbox 1285 1361 1395 1387; x_wconf 84' lang='lat' dir='ltr'><strong>sactum</strong></span> <span class='ocrx_word' id='word_1_246' title='bbox 1416 1361 1466 1386; x_wconf 90' lang='lat' dir='ltr'><strong>est</strong></span> <span class='ocrx_word' id='word_1_247' title='bbox 1485 1365 1504 1384; x_wconf 88' lang='lat' dir='ltr'><strong>a</strong></span> <span class='ocrx_word' id='word_1_248' title='bbox 1524 1357 1662 1384; x_wconf 89' lang='lat' dir='ltr'><strong>Varrone</strong></span> <span class='ocrx_word' id='word_1_249' title='bbox 1684 1354 1751 1389; x_wconf 81' lang='lat' dir='ltr'><strong>(srg.</strong></span> <span class='ocrx_word' id='word_1_250' title='bbox 1816 1358 1871 1381; x_wconf 60' lang='lat' dir='ltr'><strong>sk</strong></span> <span class='ocrx_word' id='word_1_251' title='bbox 1882 1361 1907 1374; x_wconf 62' lang='lat' dir='ltr'><em>n</em></span> <span class='ocrx_word' id='word_1_252' title='bbox 1916 1352 1970 1373; x_wconf 71' lang='lat' dir='ltr'><strong>l‘</strong></span> 
     </span>
     <span class='ocr_line' id='line_1_24' title="bbox 190 1410 1752 1452; baseline -0.001 -14"><span class='ocrx_word' id='word_1_253' title='bbox 190 1410 226 1439; x_wconf 90' lang='grc'><strong>13</strong></span> <span class='ocrx_word' id='word_1_254' title='bbox 248 1413 279 1438; x_wconf 91' lang='lat' dir='ltr'><strong>et</strong></span> <span class='ocrx_word' id='word_1_255' title='bbox 297 1410 364 1445; x_wconf 81' lang='lat'><strong>54),</strong></span> <span class='ocrx_word' id='word_1_256' title='bbox 386 1412 444 1439; x_wconf 89' lang='lat' dir='ltr'><strong>sed</strong></span> <span class='ocrx_word' id='word_1_257' title='bbox 464 1415 548 1440; x_wconf 88' lang='lat' dir='ltr'><strong>recte</strong></span> <span class='ocrx_word' id='word_1_258' title='bbox 570 1413 674 1449; x_wconf 86' lang='lat' dir='ltr'><strong>objicit</strong></span> <span class='ocrx_word' id='word_1_259' title='bbox 691 1413 860 1449; x_wconf 83' lang='lat' dir='ltr'><strong>Wagcner,</strong></span> <span class='ocrx_word' id='word_1_260' title='bbox 880 1417 1009 1449; x_wconf 86' lang='lat' dir='ltr'><strong>textum,</strong></span> <span class='ocrx_word' id='word_1_261' title='bbox 1032 1423 1122 1452; x_wconf 89' lang='lat' dir='ltr'><strong>quem</strong></span> <span class='ocrx_word' id='word_1_262' title='bbox 1143 1419 1269 1449; x_wconf 86' lang='lat' dir='ltr'><strong>vocant,</strong></span> <span class='ocrx_word' id='word_1_263' title='bbox 1291 1414 1437 1443; x_wconf 84' lang='lat' dir='ltr'><strong>Varronis</strong></span> <span class='ocrx_word' id='word_1_264' title='bbox 1459 1413 1595 1442; x_wconf 86' lang='lat' dir='ltr'><strong>nondum</strong></span> <span class='ocrx_word' id='word_1_265' title='bbox 1615 1412 1656 1439; x_wconf 88' lang='lat' dir='ltr'><strong>ita</strong></span> <span class='ocrx_word' id='word_1_266' title='bbox 1677 1416 1752 1439; x_wconf 89' lang='lat' dir='ltr'><strong>esse</strong></span> 
     </span>
     <span class='ocr_line' id='line_1_25' title="bbox 189 1466 1750 1507; baseline 0 -14"><span class='ocrx_word' id='word_1_267' title='bbox 189 1468 404 1501; x_wconf 82' lang='lat' dir='ltr'><strong>comparatum,</strong></span> <span class='ocrx_word' id='word_1_268' title='bbox 425 1469 459 1494; x_wconf 92' lang='lat' dir='ltr'><strong>ut</strong></span> <span class='ocrx_word' id='word_1_269' title='bbox 472 1467 543 1495; x_wconf 90' lang='lat' dir='ltr'><strong>inde</strong></span> <span class='ocrx_word' id='word_1_270' title='bbox 558 1469 758 1504; x_wconf 83' lang='lat' dir='ltr'><strong>argumentari</strong></span> <span class='ocrx_word' id='word_1_271' title='bbox 771 1470 869 1498; x_wconf 88' lang='lat' dir='ltr'><strong>liceat.</strong></span> <span class='ocrx_word' id='word_1_272' title='bbox 912 1471 1000 1506; x_wconf 82' lang='lat' dir='ltr'><strong>Quod</strong></span> <span class='ocrx_word' id='word_1_273' title='bbox 1013 1471 1145 1507; x_wconf 86' lang='lat' dir='ltr'><strong>denique</strong></span> <span class='ocrx_word' id='word_1_274' title='bbox 1165 1478 1309 1499; x_wconf 89' lang='lat' dir='ltr'><strong>numerus</strong></span> <span class='ocrx_word' id='word_1_275' title='bbox 1332 1470 1523 1506; x_wconf 86' lang='lat' dir='ltr'><strong>septenarius</strong></span> <span class='ocrx_word' id='word_1_276' title='bbox 1544 1468 1575 1496; x_wconf 88' lang='lat' dir='ltr'><strong>in</strong></span> <span class='ocrx_word' id='word_1_277' title='bbox 1596 1466 1750 1501; x_wconf 87' lang='lat' dir='ltr'><strong>suspicio-</strong></span> 
     </span>
     <span class='ocr_line' id='line_1_26' title="bbox 188 1520 1749 1558; baseline 0.001 -11"><span class='ocrx_word' id='word_1_278' title='bbox 188 1527 257 1548; x_wconf 91' lang='lat' dir='ltr'><strong>nem</strong></span> <span class='ocrx_word' id='word_1_279' title='bbox 277 1520 361 1548; x_wconf 88' lang='lat' dir='ltr'><strong>venit</strong></span> <span class='ocrx_word' id='word_1_280' title='bbox 379 1520 445 1550; x_wconf 91' lang='lat' dir='ltr'><strong>viro</strong></span> <span class='ocrx_word' id='word_1_281' title='bbox 468 1521 570 1557; x_wconf 87' lang='lat' dir='ltr'><strong>docto,</strong></span> <span class='ocrx_word' id='word_1_282' title='bbox 593 1522 727 1558; x_wconf 81' lang='lat' dir='ltr'><strong>(constat</strong></span> <span class='ocrx_word' id='word_1_283' title='bbox 746 1532 822 1552; x_wconf 84' lang='lat' dir='ltr'><strong>sane</strong></span> <span class='ocrx_word' id='word_1_284' title='bbox 843 1527 873 1552; x_wconf 90' lang='lat' dir='ltr'><strong>et</strong></span> <span class='ocrx_word' id='word_1_285' title='bbox 893 1525 970 1553; x_wconf 85' lang='lat' dir='ltr'><strong>alios</strong></span> <span class='ocrx_word' id='word_1_286' title='bbox 991 1526 1086 1554; x_wconf 90' lang='lat' dir='ltr'><strong>libros</strong></span> <span class='ocrx_word' id='word_1_287' title='bbox 1113 1529 1144 1554; x_wconf 87' lang='lat' dir='ltr'><strong>et</strong></span> <span class='ocrx_word' id='word_1_288' title='bbox 1162 1526 1269 1554; x_wconf 85' lang='lat' dir='ltr'><strong>Naevii</strong></span> <span class='ocrx_word' id='word_1_289' title='bbox 1289 1526 1403 1554; x_wconf 89' lang='lat' dir='ltr'><strong>bellum</strong></span> <span class='ocrx_word' id='word_1_290' title='bbox 1430 1524 1577 1553; x_wconf 81' lang='lat' dir='ltr'><strong>Punicum</strong></span> <span class='ocrx_word' id='word_1_291' title='bbox 1604 1530 1622 1549; x_wconf 86' lang='lat' dir='ltr'><strong>a</strong></span> <span class='ocrx_word' id='word_1_292' title='bbox 1649 1528 1749 1557; x_wconf 90' lang='lat' dir='ltr'><strong>gram-</strong></span> 
     </span>
     <span class='ocr_line' id='line_1_27' title="bbox 187 1574 1748 1617; baseline 0.001 -15"><span class='ocrx_word' id='word_1_293' title='bbox 187 1574 305 1603; x_wconf 82' lang='lat' dir='ltr'><strong>maticis</strong></span> <span class='ocrx_word' id='word_1_294' title='bbox 327 1577 358 1603; x_wconf 89' lang='lat' dir='ltr'><strong>et</strong></span> <span class='ocrx_word' id='word_1_295' title='bbox 377 1576 447 1611; x_wconf 89' lang='lat' dir='ltr'><strong>ipso</strong></span> <span class='ocrx_word' id='word_1_296' title='bbox 469 1577 500 1606; x_wconf 87' lang='lat' dir='ltr'><strong>C.</strong></span> <span class='ocrx_word' id='word_1_297' title='bbox 523 1577 650 1607; x_wconf 80' lang='lat' dir='ltr'><strong>Octav10</strong></span> <span class='ocrx_word' id='word_1_298' title='bbox 670 1578 878 1614; x_wconf 80' lang='lat' dir='ltr'><strong>Lampadione</strong></span> <span class='ocrx_word' id='word_1_299' title='bbox 903 1596 944 1600; x_wconf 97' lang='lat'><strong>—</strong></span> <span class='ocrx_word' id='word_1_300' title='bbox 970 1580 1052 1609; x_wconf 89' lang='lat' dir='ltr'><strong>Suet.</strong></span> <span class='ocrx_word' id='word_1_301' title='bbox 1075 1581 1114 1609; x_wconf 86' lang='lat' dir='ltr'><strong>de</strong></span> <span class='ocrx_word' id='word_1_302' title='bbox 1135 1581 1175 1610; x_wconf 86' lang='lat' dir='ltr'><strong>ill.</strong></span> <span class='ocrx_word' id='word_1_303' title='bbox 1198 1590 1319 1617; x_wconf 78' lang='lat' dir='ltr'><strong>gramm.</strong></span> <span class='ocrx_word' id='word_1_304' title='bbox 1342 1581 1375 1614; x_wconf 83' lang='lat'><strong>2,</strong></span> <span class='ocrx_word' id='word_1_305' title='bbox 1407 1580 1516 1609; x_wconf 83' lang='lat' dir='ltr'><strong>Santra</strong></span> <span class='ocrx_word' id='word_1_306' title='bbox 1541 1586 1589 1613; x_wconf 80' lang='lat' dir='ltr'><strong>ap.</strong></span> <span class='ocrx_word' id='word_1_307' title='bbox 1616 1577 1692 1605; x_wconf 87' lang='lat' dir='ltr'><strong>Non.</strong></span> <span class='ocrx_word' id='word_1_308' title='bbox 1719 1584 1748 1603; x_wconf 84' lang='lat' dir='ltr'><strong>v.</strong></span> 
     </span>
     <span class='ocr_line' id='line_1_28' title="bbox 187 1629 1748 1671; baseline 0.001 -14"><span class='ocrx_word' id='word_1_309' title='bbox 187 1629 412 1665; x_wconf 82' lang='lat' dir='ltr'><strong>septemrariam</strong></span> <span class='ocrx_word' id='word_1_310' title='bbox 432 1638 462 1666; x_wconf 89' lang='lat' dir='ltr'><strong>p.</strong></span> <span class='ocrx_word' id='word_1_311' title='bbox 486 1631 542 1661; x_wconf 85' lang='lat'><strong>116</strong></span> <span class='ocrx_word' id='word_1_312' title='bbox 567 1647 608 1652; x_wconf 93' lang='lat'>—</span> <span class='ocrx_word' id='word_1_313' title='bbox 631 1634 854 1669; x_wconf 81' lang='lat' dir='ltr'><strong>septemsariam</strong></span> <span class='ocrx_word' id='word_1_314' title='bbox 875 1642 948 1664; x_wconf 91' lang='lat' dir='ltr'><strong>esse</strong></span> <span class='ocrx_word' id='word_1_315' title='bbox 969 1636 1101 1670; x_wconf 90' lang='lat' dir='ltr'><strong>divisos)</strong></span> <span class='ocrx_word' id='word_1_316' title='bbox 1123 1636 1240 1669; x_wconf 88' lang='lat' dir='ltr'><strong>videat,</strong></span> <span class='ocrx_word' id='word_1_317' title='bbox 1269 1636 1342 1671; x_wconf 90' lang='lat' dir='ltr'><strong>quid</strong></span> <span class='ocrx_word' id='word_1_318' title='bbox 1363 1636 1402 1664; x_wconf 86' lang='lat' dir='ltr'><strong>de</strong></span> <span class='ocrx_word' id='word_1_319' title='bbox 1423 1634 1565 1664; x_wconf 83' lang='lat' dir='ltr'><strong>Caesaris</strong></span> <span class='ocrx_word' id='word_1_320' title='bbox 1594 1638 1748 1661; x_wconf 90' lang='lat' dir='ltr'><strong>commen-</strong></span> 
     </span>
     <span class='ocr_line' id='line_1_29' title="bbox 187 1683 1748 1729; baseline 0.001 -16"><span class='ocrx_word' id='word_1_321' title='bbox 187 1683 270 1714; x_wconf 84' lang='lat' dir='ltr'><strong>tariis</strong></span> <span class='ocrx_word' id='word_1_322' title='bbox 292 1684 331 1714; x_wconf 89' lang='lat' dir='ltr'><strong>de</strong></span> <span class='ocrx_word' id='word_1_323' title='bbox 351 1683 432 1716; x_wconf 87' lang='lat' dir='ltr'><strong>bello</strong></span> <span class='ocrx_word' id='word_1_324' title='bbox 456 1685 570 1718; x_wconf 84' lang='lat' dir='ltr'><strong>Gallico</strong></span> <span class='ocrx_word' id='word_1_325' title='bbox 592 1687 723 1726; x_wconf 86' lang='lat' dir='ltr'><strong>aliisque</strong></span> <span class='ocrx_word' id='word_1_326' title='bbox 744 1688 888 1726; x_wconf 88' lang='lat' dir='ltr'><strong>operibus</strong></span> <span class='ocrx_word' id='word_1_327' title='bbox 910 1690 1134 1727; x_wconf 77' lang='lat' dir='ltr'><strong>septemsaxiam</strong></span> <span class='ocrx_word' id='word_1_328' title='bbox 1156 1691 1264 1722; x_wconf 88' lang='lat' dir='ltr'><strong>divisis</strong></span> <span class='ocrx_word' id='word_1_329' title='bbox 1288 1691 1490 1729; x_wconf 88' lang='lat' dir='ltr'><strong>judicandum</strong></span> <span class='ocrx_word' id='word_1_330' title='bbox 1515 1689 1661 1719; x_wconf 85' lang='lat' dir='ltr'><strong>videatur.</strong></span> <span class='ocrx_word' id='word_1_331' title='bbox 1702 1685 1748 1716; x_wconf 90' lang='lat' dir='ltr'><strong>De</strong></span> 
     </span>
     <span class='ocr_line' id='line_1_30' title="bbox 188 1740 1748 1785; baseline 0.001 -16"><span class='ocrx_word' id='word_1_332' title='bbox 188 1740 359 1777; x_wconf 86' lang='lat' dir='ltr'><strong>Originibus</strong></span> <span class='ocrx_word' id='word_1_333' title='bbox 381 1749 428 1770; x_wconf 88' lang='lat' dir='ltr'><strong>me</strong></span> <span class='ocrx_word' id='word_1_334' title='bbox 443 1744 708 1780; x_wconf 86' lang='lat' dir='ltr'><strong>comprobaturum</strong></span> <span class='ocrx_word' id='word_1_335' title='bbox 723 1753 826 1782; x_wconf 90' lang='lat' dir='ltr'><strong>spero,</strong></span> <span class='ocrx_word' id='word_1_336' title='bbox 848 1754 939 1783; x_wconf 92' lang='lat' dir='ltr'><strong>quum</strong></span> <span class='ocrx_word' id='word_1_337' title='bbox 961 1747 1082 1776; x_wconf 89' lang='lat' dir='ltr'><strong>duobus</strong></span> <span class='ocrx_word' id='word_1_338' title='bbox 1103 1747 1188 1777; x_wconf 91' lang='lat' dir='ltr'><strong>libris</strong></span> <span class='ocrx_word' id='word_1_339' title='bbox 1211 1748 1422 1777; x_wconf 86' lang='lat' dir='ltr'><strong>contineantur</strong></span> <span class='ocrx_word' id='word_1_340' title='bbox 1442 1747 1573 1785; x_wconf 87' lang='lat' dir='ltr'><strong>origines</strong></span> <span class='ocrx_word' id='word_1_341' title='bbox 1595 1744 1748 1773; x_wconf 78' lang='lat' dir='ltr'><strong>civitatum</strong></span> 
     </span>
     <span class='ocr_line' id='line_1_31' title="bbox 186 1796 1747 1838; baseline 0.005 -15"><span class='ocrx_word' id='word_1_342' title='bbox 186 1796 364 1830; x_wconf 81' lang='lat' dir='ltr'><strong>Italicarum,</strong></span> <span class='ocrx_word' id='word_1_343' title='bbox 385 1806 442 1826; x_wconf 85' lang='lat' dir='ltr'><strong>nec</strong></span> <span class='ocrx_word' id='word_1_344' title='bbox 463 1800 607 1835; x_wconf 89' lang='lat' dir='ltr'><strong>majorem</strong></span> <span class='ocrx_word' id='word_1_345' title='bbox 628 1808 685 1828; x_wconf 88' lang='lat' dir='ltr'><strong>nec</strong></span> <span class='ocrx_word' id='word_1_346' title='bbox 707 1801 852 1829; x_wconf 88' lang='lat' dir='ltr'><strong>minorem</strong></span> <span class='ocrx_word' id='word_1_347' title='bbox 873 1810 947 1830; x_wconf 90' lang='lat' dir='ltr'><strong>esse</strong></span> <span class='ocrx_word' id='word_1_348' title='bbox 965 1804 1106 1838; x_wconf 91' lang='lat' dir='ltr'><strong>potuisse</strong></span> <span class='ocrx_word' id='word_1_349' title='bbox 1127 1804 1269 1832; x_wconf 90' lang='lat' dir='ltr'><strong>librorum</strong></span> <span class='ocrx_word' id='word_1_350' title='bbox 1290 1812 1457 1832; x_wconf 88' lang='lat' dir='ltr'><strong>numerum.</strong></span> <span class='ocrx_word' id='word_1_351' title='bbox 1498 1803 1564 1830; x_wconf 89' lang='lat' dir='ltr'><strong>Non</strong></span> <span class='ocrx_word' id='word_1_352' title='bbox 1579 1801 1668 1836; x_wconf 85' lang='lat' dir='ltr'><strong>igitur</strong></span> <span class='ocrx_word' id='word_1_353' title='bbox 1689 1802 1747 1831; x_wconf 73' lang='lat' dir='ltr'><strong>est,</strong></span> 
     </span>
     <span class='ocr_line' id='line_1_32' title="bbox 188 1852 1444 1891; baseline 0.007 -11"><span class='ocrx_word' id='word_1_354' title='bbox 188 1852 271 1887; x_wconf 85' lang='lat' dir='ltr'><strong>qnod</strong></span> <span class='ocrx_word' id='word_1_355' title='bbox 291 1853 381 1881; x_wconf 86' lang='lat' dir='ltr'><strong>etiam</strong></span> <span class='ocrx_word' id='word_1_356' title='bbox 401 1854 502 1883; x_wconf 89' lang='lat' dir='ltr'><strong>locum</strong></span> <span class='ocrx_word' id='word_1_357' title='bbox 524 1856 563 1884; x_wconf 92' lang='lat' dir='ltr'><strong>de</strong></span> <span class='ocrx_word' id='word_1_358' title='bbox 584 1864 649 1885; x_wconf 91' lang='lat' dir='ltr'><strong>sen.</strong></span> <span class='ocrx_word' id='word_1_359' title='bbox 673 1856 719 1891; x_wconf 85' lang='lat'><strong>11,</strong></span> <span class='ocrx_word' id='word_1_360' title='bbox 740 1857 778 1886; x_wconf 89' lang='lat'><strong>37</strong></span> <span class='ocrx_word' id='word_1_361' title='bbox 798 1858 951 1887; x_wconf 90' lang='lat' dir='ltr'><strong>erroribus</strong></span> <span class='ocrx_word' id='word_1_362' title='bbox 973 1860 1178 1888; x_wconf 89' lang='lat' dir='ltr'><strong>Ciceronianis</strong></span> <span class='ocrx_word' id='word_1_363' title='bbox 1199 1861 1444 1889; x_wconf 90' lang='lat' dir='ltr'><strong>adnumeremus.</strong></span> 
     </span>
    </p>

    <p class='ocr_par' dir='ltr' id='par_1_5' title="bbox 186 1908 1751 2064">
     <span class='ocr_line' id='line_1_33' title="bbox 226 1908 1749 1951; baseline 0.001 -15"><span class='ocrx_word' id='word_1_364' title='bbox 226 1908 255 1936; x_wconf 86' lang='lat'><strong>5.</strong></span> <span class='ocrx_word' id='word_1_365' title='bbox 288 1908 433 1938; x_wconf 88' lang='lat' dir='ltr'><strong>Primus</strong></span> <span class='ocrx_word' id='word_1_366' title='bbox 454 1910 552 1939; x_wconf 91' lang='lat' dir='ltr'><strong>liber</strong></span> <span class='ocrx_word' id='word_1_367' title='bbox 571 1913 743 1940; x_wconf 88' lang='lat' dir='ltr'><strong>continet</strong></span> <span class='ocrx_word' id='word_1_368' title='bbox 762 1920 823 1941; x_wconf 92' lang='lat' dir='ltr'><strong>res</strong></span> <span class='ocrx_word' id='word_1_369' title='bbox 840 1916 973 1948; x_wconf 78' lang='lat' dir='ltr'><strong>gestas</strong></span> <span class='ocrx_word' id='word_1_370' title='bbox 989 1922 1119 1949; x_wconf 84' lang='lat' dir='ltr'><strong>regum</strong></span> <span class='ocrx_word' id='word_1_371' title='bbox 1134 1917 1269 1951; x_wconf 88' lang='lat' dir='ltr'><strong>populi</strong></span> <span class='ocrx_word' id='word_1_372' title='bbox 1284 1917 1451 1945; x_wconf 88' lang='lat' dir='ltr'><strong>Romani.</strong></span> <span class='ocrx_word' id='word_1_373' title='bbox 1490 1911 1749 1943; x_wconf 77' lang='lat' dir='ltr'><strong>Perlustrantibus</strong></span> 
     </span>
     <span class='ocr_line' id='line_1_34' title="bbox 187 1963 1751 2007; baseline 0.002 -15"><span class='ocrx_word' id='word_1_374' title='bbox 187 1963 276 1993; x_wconf 92' lang='lat' dir='ltr'><strong>nobis</strong></span> <span class='ocrx_word' id='word_1_375' title='bbox 297 1963 451 2000; x_wconf 86' lang='lat' dir='ltr'><strong>reliquias,</strong></span> <span class='ocrx_word' id='word_1_376' title='bbox 473 1972 550 2001; x_wconf 87' lang='lat' dir='ltr'><strong>quas</strong></span> <span class='ocrx_word' id='word_1_377' title='bbox 572 1969 624 1995; x_wconf 87' lang='lat' dir='ltr'><strong>aut</strong></span> <span class='ocrx_word' id='word_1_378' title='bbox 643 1967 820 1996; x_wconf 88' lang='lat' dir='ltr'><strong>auctoritate</strong></span> <span class='ocrx_word' id='word_1_379' title='bbox 840 1970 976 1998; x_wconf 89' lang='lat' dir='ltr'><strong>veterum</strong></span> <span class='ocrx_word' id='word_1_380' title='bbox 998 1970 1180 2006; x_wconf 88' lang='lat' dir='ltr'><strong>scriptorum</strong></span> <span class='ocrx_word' id='word_1_381' title='bbox 1202 1974 1254 1999; x_wconf 85' lang='lat' dir='ltr'><strong>aut</strong></span> <span class='ocrx_word' id='word_1_382' title='bbox 1267 1974 1373 2001; x_wconf 86' lang='lat' dir='ltr'><strong>nostra</strong></span> <span class='ocrx_word' id='word_1_383' title='bbox 1387 1971 1562 2007; x_wconf 84' lang='lat' dir='ltr'><strong>conjectura</strong></span> <span class='ocrx_word' id='word_1_384' title='bbox 1575 1969 1605 1998; x_wconf 93' lang='lat' dir='ltr'><strong>in</strong></span> <span class='ocrx_word' id='word_1_385' title='bbox 1620 1967 1751 2004; x_wconf 90' lang='lat' dir='ltr'><strong>primum</strong></span> 
     </span>
     <span class='ocr_line' id='line_1_35' title="bbox 186 2019 1748 2064; baseline 0.003 -16"><span class='ocrx_word' id='word_1_386' title='bbox 186 2019 294 2049; x_wconf 89' lang='lat' dir='ltr'><strong>librum</strong></span> <span class='ocrx_word' id='word_1_387' title='bbox 313 2020 478 2057; x_wconf 88' lang='lat' dir='ltr'><strong>retulimus,</strong></span> <span class='ocrx_word' id='word_1_388' title='bbox 499 2021 587 2051; x_wconf 85' lang='lat' dir='ltr'><strong>facile</strong></span> <span class='ocrx_word' id='word_1_389' title='bbox 608 2025 736 2058; x_wconf 84' lang='lat' dir='ltr'><strong>apparet</strong></span> <span class='ocrx_word' id='word_1_390' title='bbox 754 2023 931 2061; x_wconf 82' lang='lat' dir='ltr'><strong>tripartitum</strong></span> <span class='ocrx_word' id='word_1_391' title='bbox 952 2032 1021 2055; x_wconf 89' lang='lat' dir='ltr'><strong>eum</strong></span> <span class='ocrx_word' id='word_1_392' title='bbox 1042 2025 1147 2055; x_wconf 79' lang='lat' dir='ltr'><strong>fuisse.</strong></span> <span class='ocrx_word' id='word_1_393' title='bbox 1188 2026 1220 2056; x_wconf 95' lang='lat' dir='ltr'><strong>In</strong></span> <span class='ocrx_word' id='word_1_394' title='bbox 1247 2026 1396 2064; x_wconf 86' lang='lat' dir='ltr'><strong>principio</strong></span> <span class='ocrx_word' id='word_1_395' title='bbox 1424 2029 1489 2056; x_wconf 88' lang='lat' dir='ltr'><strong>erat</strong></span> <span class='ocrx_word' id='word_1_396' title='bbox 1507 2024 1655 2063; x_wconf 75' lang='lat' dir='ltr'><strong>praefatio</strong></span> <span class='ocrx_word' id='word_1_397' title='bbox 1677 2020 1748 2060; x_wconf 75' lang='lat' dir='ltr'><strong>(trg.</strong></span> 
     </span>
    </p>

    <p class='ocr_par' dir='ltr' id='par_1_6' title="bbox 184 2074 1748 2345">
     <span class='ocr_line' id='line_1_36' title="bbox 188 2074 1748 2117; baseline 0.002 -15"><span class='ocrx_word' id='word_1_398' title='bbox 188 2074 287 2109; x_wconf 83' lang='lat'><strong>1—4).</strong></span> <span class='ocrx_word' id='word_1_399' title='bbox 329 2076 427 2112; x_wconf 87' lang='lat' dir='ltr'><strong>Negat</strong></span> <span class='ocrx_word' id='word_1_400' title='bbox 450 2076 604 2113; x_wconf 78' lang='lat' dir='ltr'><strong>wagener</strong></span> <span class='ocrx_word' id='word_1_401' title='bbox 622 2078 819 2114; x_wconf 86' lang='lat' dir='ltr'><strong>perspicuum</strong></span> <span class='ocrx_word' id='word_1_402' title='bbox 841 2087 928 2115; x_wconf 87' lang='lat' dir='ltr'><strong>esse,</strong></span> <span class='ocrx_word' id='word_1_403' title='bbox 950 2081 1106 2117; x_wconf 88' lang='lat' dir='ltr'><strong>quomodo</strong></span> <span class='ocrx_word' id='word_1_404' title='bbox 1127 2080 1187 2110; x_wconf 86' lang='lat' dir='ltr'><strong>hae</strong></span> <span class='ocrx_word' id='word_1_405' title='bbox 1209 2082 1379 2110; x_wconf 87' lang='lat' dir='ltr'><strong>sententiae</strong></span> <span class='ocrx_word' id='word_1_406' title='bbox 1398 2082 1475 2110; x_wconf 90' lang='lat' dir='ltr'><strong>inter</strong></span> <span class='ocrx_word' id='word_1_407' title='bbox 1494 2089 1530 2111; x_wconf 90' lang='lat' dir='ltr'><strong>se</strong></span> <span class='ocrx_word' id='word_1_408' title='bbox 1552 2079 1748 2110; x_wconf 83' lang='lat' dir='ltr'><strong>cohaereant.</strong></span> 
     </span>
     <span class='ocr_line' id='line_1_37' title="bbox 184 2130 1748 2174; baseline 0.003 -16"><span class='ocrx_word' id='word_1_409' title='bbox 184 2130 256 2158; x_wconf 87' lang='lat' dir='ltr'><strong>Mihi</strong></span> <span class='ocrx_word' id='word_1_410' title='bbox 276 2131 399 2166; x_wconf 88' lang='lat' dir='ltr'><strong>quidem</strong></span> <span class='ocrx_word' id='word_1_411' title='bbox 420 2140 470 2161; x_wconf 90' lang='lat' dir='ltr'><strong>res</strong></span> <span class='ocrx_word' id='word_1_412' title='bbox 490 2140 565 2161; x_wconf 88' lang='lat' dir='ltr'><strong>sane</strong></span> <span class='ocrx_word' id='word_1_413' title='bbox 586 2142 646 2162; x_wconf 90' lang='lat' dir='ltr'><strong>non</strong></span> <span class='ocrx_word' id='word_1_414' title='bbox 666 2134 708 2162; x_wconf 85' lang='lat' dir='ltr'><strong>ita</strong></span> <span class='ocrx_word' id='word_1_415' title='bbox 727 2140 902 2172; x_wconf 85' lang='lat' dir='ltr'><strong>comparata</strong></span> <span class='ocrx_word' id='word_1_416' title='bbox 921 2137 1050 2171; x_wconf 86' lang='lat' dir='ltr'><strong>videtur,</strong></span> <span class='ocrx_word' id='word_1_417' title='bbox 1072 2140 1105 2165; x_wconf 88' lang='lat' dir='ltr'><strong>ut</strong></span> <span class='ocrx_word' id='word_1_418' title='bbox 1124 2146 1180 2172; x_wconf 91' lang='lat' dir='ltr'><strong>pro</strong></span> <span class='ocrx_word' id='word_1_419' title='bbox 1203 2142 1286 2167; x_wconf 84' lang='lat' dir='ltr'><strong>certo</strong></span> <span class='ocrx_word' id='word_1_420' title='bbox 1302 2139 1442 2166; x_wconf 79' lang='lat' dir='ltr'><strong>affirmari</strong></span> <span class='ocrx_word' id='word_1_421' title='bbox 1456 2138 1567 2174; x_wconf 89' lang='lat' dir='ltr'><strong>possit,</strong></span> <span class='ocrx_word' id='word_1_422' title='bbox 1590 2135 1748 2173; x_wconf 90' lang='lat' dir='ltr'><strong>quomodo</strong></span> 
     </span>
     <span class='ocr_line' id='line_1_38' title="bbox 185 2187 1746 2232; baseline 0.003 -18"><span class='ocrx_word' id='word_1_423' title='bbox 185 2187 364 2216; x_wconf 86' lang='lat' dir='ltr'><strong>necessario</strong></span> <span class='ocrx_word' id='word_1_424' title='bbox 393 2189 572 2226; x_wconf 84' lang='lat' dir='ltr'><strong>conjunctae</strong></span> <span class='ocrx_word' id='word_1_425' title='bbox 597 2190 720 2225; x_wconf 85' lang='lat' dir='ltr'><strong>suerint,</strong></span> <span class='ocrx_word' id='word_1_426' title='bbox 748 2192 964 2222; x_wconf 85' lang='lat' dir='ltr'><strong>dissociabiles</strong></span> <span class='ocrx_word' id='word_1_427' title='bbox 993 2197 1092 2222; x_wconf 87' lang='lat' dir='ltr'><strong>autem</strong></span> <span class='ocrx_word' id='word_1_428' title='bbox 1122 2202 1184 2223; x_wconf 86' lang='lat' dir='ltr'><strong>non</strong></span> <span class='ocrx_word' id='word_1_429' title='bbox 1210 2198 1288 2223; x_wconf 87' lang='lat' dir='ltr'><strong>sunt.</strong></span> <span class='ocrx_word' id='word_1_430' title='bbox 1330 2195 1448 2232; x_wconf 82' lang='lat' dir='ltr'><strong>Quodsi</strong></span> <span class='ocrx_word' id='word_1_431' title='bbox 1476 2202 1516 2222; x_wconf 87' lang='lat' dir='ltr'><strong>ex</strong></span> <span class='ocrx_word' id='word_1_432' title='bbox 1542 2197 1673 2230; x_wconf 82' lang='lat' dir='ltr'><strong>quatuor</strong></span> <span class='ocrx_word' id='word_1_433' title='bbox 1697 2190 1746 2219; x_wconf 90' lang='lat' dir='ltr'><strong>his</strong></span> 
     </span>
     <span class='ocr_line' id='line_1_39' title="bbox 184 2241 1747 2291; baseline 0.006 -22"><span class='ocrx_word' id='word_1_434' title='bbox 184 2241 358 2277; x_wconf 82' lang='lat' dir='ltr'><strong>fragmentis</strong></span> <span class='ocrx_word' id='word_1_435' title='bbox 379 2245 470 2275; x_wconf 86' lang='lat' dir='ltr'><strong>liceat</strong></span> <span class='ocrx_word' id='word_1_436' title='bbox 491 2247 693 2284; x_wconf 88' lang='lat' dir='ltr'><strong>conjecturam</strong></span> <span class='ocrx_word' id='word_1_437' title='bbox 713 2248 828 2284; x_wconf 85' lang='lat' dir='ltr'><strong>facere,</strong></span> <span class='ocrx_word' id='word_1_438' title='bbox 857 2249 1023 2285; x_wconf 87' lang='lat' dir='ltr'><strong>scripsisse</strong></span> <span class='ocrx_word' id='word_1_439' title='bbox 1044 2251 1163 2280; x_wconf 83' lang='lat' dir='ltr'><strong>videtur</strong></span> <span class='ocrx_word' id='word_1_440' title='bbox 1183 2251 1256 2280; x_wconf 87' lang='lat' dir='ltr'><strong>Cato</strong></span> <span class='ocrx_word' id='word_1_441' title='bbox 1278 2251 1340 2280; x_wconf 83' lang='lat' dir='ltr'><strong>sere</strong></span> <span class='ocrx_word' id='word_1_442' title='bbox 1361 2250 1452 2280; x_wconf 85' lang='lat' dir='ltr'><strong>haec:</strong></span> <span class='ocrx_word' id='word_1_443' title='bbox 1479 2248 1518 2281; x_wconf 74' lang='lat' dir='ltr'><strong>Si</strong></span> <span class='ocrx_word' id='word_1_444' title='bbox 1537 2251 1593 2291; x_wconf 76' lang='lat' dir='ltr'><strong>qui</strong></span> <span class='ocrx_word' id='word_1_445' title='bbox 1612 2246 1747 2280; x_wconf 80' lang='lat' dir='ltr'><strong>homines</strong></span> 
     </span>
     <span class='ocr_line' id='line_1_40' title="bbox 184 2299 1745 2345; baseline 0.008 -21"><span class='ocrx_word' id='word_1_446' title='bbox 184 2299 265 2333; x_wconf 80' lang='lat' dir='ltr'><strong>sunt,</strong></span> <span class='ocrx_word' id='word_1_447' title='bbox 286 2306 364 2337; x_wconf 76' lang='lat' dir='ltr'><strong>quos</strong></span> <span class='ocrx_word' id='word_1_448' title='bbox 383 2299 519 2332; x_wconf 82' lang='lat' dir='ltr'><strong>delectat</strong></span> <span class='ocrx_word' id='word_1_449' title='bbox 536 2302 651 2342; x_wconf 69' lang='lat' dir='ltr'><strong>popula·</strong></span> <span class='ocrx_word' id='word_1_450' title='bbox 669 2311 720 2334; x_wconf 83' lang='lat' dir='ltr'><strong>res</strong></span> <span class='ocrx_word' id='word_1_451' title='bbox 738 2306 843 2344; x_wconf 72' lang='lat' dir='ltr'><strong>qestas</strong></span> <span class='ocrx_word' id='word_1_452' title='bbox 862 2303 1011 2343; x_wconf 53' lang='lat' dir='ltr'><strong>scribere,</strong></span> <span class='ocrx_word' id='word_1_453' title='bbox 1034 2314 1136 2337; x_wconf 87' lang='lat' dir='ltr'><strong>eorum</strong></span> <span class='ocrx_word' id='word_1_454' title='bbox 1153 2314 1211 2344; x_wconf 87' lang='lat' dir='ltr'><strong>ego</strong></span> <span class='ocrx_word' id='word_1_455' title='bbox 1227 2308 1349 2344; x_wconf 82' lang='lat' dir='ltr'><strong>quidem</strong></span> <span class='ocrx_word' id='word_1_456' title='bbox 1363 2316 1424 2338; x_wconf 90' lang='lat' dir='ltr'><strong>non</strong></span> <span class='ocrx_word' id='word_1_457' title='bbox 1448 2308 1588 2345; x_wconf 87' lang='lat' dir='ltr'><strong>improbo</strong></span> <span class='ocrx_word' id='word_1_458' title='bbox 1604 2306 1745 2336; x_wconf 79' lang='lat' dir='ltr'><strong>studium.</strong></span> 
     </span>
    </p>
   </div>
  </div>
 </body>
</html>
