1980 2649
989 164 1009 195 3

252 276 260 280 -
296 259 326 291 6,
356 259 423 289 sed
442 265 503 288 uno
526 261 557 287 et
576 259 672 288 altero
693 259 765 289 loco
786 258 891 289 addito
912 267 1007 296 quum
1026 259 1101 288 nihil
1128 259 1341 295 proficeretur,
1369 257 1450 288 viam
1478 266 1516 288 ac
1537 259 1705 302 rationem,
1730 269 1792 298 qua

201 320 264 351 res.
285 313 472 352 quoadque
487 313 552 344 fieri
566 317 686 352 posset,
707 314 754 351 ad
767 314 918 353 liquidum
938 313 1167 351 perduceretur,
1189 314 1371 360 monstravit
1393 311 1610 352 Gregorius
1631 316 1702 354 Μαι·
1713 324 1791 352 ans,

202 370 306 408 quiin
328 370 565 405 commentariis,
592 378 672 408 quos
693 371 821 412 scripsit
839 371 880 400 ad
912 370 995 401 XXX
1013 371 1146 400 lotorum
1174 371 1342 408 fragmenta
1370 372 1514 412 Genevae
1538 371 1628 408 1764)
1658 373 1790 408 'rom-1,

202 435 233 462 p.
254 425 375 455 57-63
396 426 496 455 obiter
514 425 708 463 significavit,
729 427 888 463 quomodo
907 427 1064 463 originum
1090 427 1238 462 reliquiae
1263 414 1682 462 disponendaeviderennm
1725 430 1790 458 Du·

200 480 320 510 bitabat
338 480 428 516 euim,
450 484 548 511 utrum
568 482 746 519 magmenta,
767 490 848 519 quae
868 482 909 511 ad
924 482 978 519 jus
999 484 1151 523 spectant,
1174 481 1281 511 Catoni
1301 482 1389 518 patri,
1411 490 1450 511 an
1468 482 1532 512 filio
1552 484 1737 519 attribueret,
1760 488 1791 513 et

199 543 239 566 ne
259 536 334 573 quid
355 536 492 573 deesset,
515 544 623 568 omnes
642 537 768 568 catonis
789 538 934 575 reliquias
950 538 1135 575 composuit.
1175 537 1221 569 De
1235 537 1391 574 Originum
1405 538 1456 567 ille
1471 532 1596 575 quidem
1611 539 1788 576 fragmentis

200 599 298 629 saepe
323 600 401 622 sane
427 593 556 628 erravit,
582 593 641 623 sed
667 596 752 623 recte
777 593 950 630 perspexit,
971 593 1012 623 de
1031 595 1096 623 toto
1119 600 1214 630 opere
1231 592 1361 629 judicari
1382 601 1443 623 non
1464 601 1565 630 posse
1586 594 1647 624 nisi
1667 594 1790 631 digesta

199 648 268 677 rudi
289 648 341 677 illa
360 635 546 677 incertorum
567 648 802 686 &agmentorum
823 649 916 684 mole,
937 657 1018 686 quae
1037 652 1100 678 tum
1118 649 1242 685 quidem
1257 651 1408 678 certorum
1424 649 1661 685 fragmentomm
1676 658 1788 687 agmen

200 704 374 733 claudebat.
416 705 444 732 ¹¹1.
480 706 620 733 Attamen
647 705 761 739 facem,
789 707 885 741 quam‘
905 705 1061 741 praetulit,
1088 712 1149 733 non
1171 704 1270 733 secuti
1291 708 1378 739 sunt,
1407 705 1460 741 qui
1482 705 1632 742 deinceps
1655 706 1788 735 eandem

203 766 268 788 rem
288 759 469 794 tractabant,
490 760 675 789 Albertus
696 758 829 794 Lion*)
850 762 882 788 et
900 759 1004 797 Hugo
1022 767 1092 788 van
1106 758 1334 794 Bolhuis**)‚
1356 760 1407 796 qui
1424 760 1536 789 eodem
1550 763 1698 797 tempore,
1720 762 1739 790 i.
1757 769 1785 790 e.

198 815 258 844 sub
280 814 372 842 finem
393 809 464 842 anni
487 814 563 844 1826
584 815 752 851 fragmenta
773 815 941 844 catoniana
962 815 1137 849 ediderunt,
1159 821 1288 850 quorum
1310 815 1386 843 alter
1406 815 1578 844 incredibili
1599 816 1786 852 negligentia

197 869 355 906 reliquias,
378 877 456 906 quas
478 870 618 899 ediderat
641 870 759 906 Popma
779 870 907 905 iteravit,
935 872 1147 906 praeterquam
1170 870 1255 905 quod
1284 870 1315 898 fr.
1341 869 1396 900 113
1425 869 1611 899 deteriorum
1638 871 1784 900 librorum

197 924 410 954 auctoritatem
431 928 559 954 secutus
581 932 621 954 ex
641 925 718 954 libro
740 924 873 962 septimo
894 928 1009 953 temere
1028 925 1181 953 transtulit
1201 925 1231 953 in
1252 925 1372 953 tertium
1387 925 1578 962 saepiusque
1593 926 1683 954 locos
1699 930 1782 955 recte

199 988 218 1009 a
236 980 356 1017 Popma
376 980 537 1017 sejunctos
560 981 771 1016 conglobavit,
793 981 870 1009 alter
890 988 947 1009 nec
969 980 1094 1015 incerta,
1116 988 1196 1017 quae
1219 980 1412 1015 dicebantur,
1434 981 1571 1010 inserere
1601 989 1659 1010 nec
1688 982 1781 1018 longe

197 1044 214 1063 a
234 1035 360 1071 vulgato
383 1036 489 1065 ordine
509 1021 657 1064 recedere
677 1044 773 1065 ausus
796 1034 860 1071 est,
885 1036 944 1064 sed
965 1036 1040 1064 satis
1062 1035 1168 1063 habuit
1188 1043 1239 1064 res
1262 1036 1427 1071 adscriptis
1457 1039 1488 1064 et
1508 1040 1646 1064 veterum
1675 1040 1706 1065 et
1730 1045 1780 1065 re-

196 1090 364 1121 centiorum
383 1090 567 1121 testimoniis
588 1091 775 1127 explicasse.
816 1090 845 1121 8.
871 1091 1025 1126 Neutrius,
1046 1099 1104 1120 nec
1125 1076 1263 1127 Majansii
1284 1099 1342 1119 nec
1362 1091 1574 1131 Bolhuisii,
1587 1091 1681 1126 (nam
1702 1093 1779 1121 Lion

197 1146 281 1175 nullo
309 1146 339 1174 in
367 1153 492 1175 numero
523 1145 585 1181 est)
611 1144 851 1175 decertationes
868 1145 1013 1176 nancisei
1036 1154 1070 1175 se
1092 1144 1236 1184 potuisse
1263 1145 1370 1182 (praef.
1393 1154 1422 1181 p.
1445 1146 1499 1180 VI)
1526 1147 1700 1181 profitetur,
1730 1148 1782 1183 qui

200 1203 275 1236 post
288 1208 345 1230 eos
365 1208 429 1230 rem
451 1201 593 1237 suscepit
604 1201 764 1237 Augustus
777 1200 975 1238 Krause***);
990 1201 1060 1230 item
1075 1202 1213 1231 ordinem
1225 1201 1363 1237 Popmae
1375 1201 1506 1235 retinuit,
1523 1201 1580 1230 sed
1596 1209 1635 1230 ex
1656 1202 1779 1231 incertis

195 1256 372 1292 fragmentis
395 1256 515 1285 circiter
534 1256 655 1292 triginta
675 1257 837 1285 maximam
856 1259 974 1292 partem
995 1257 1024 1284 in
1046 1242 1305 1292 primumlibrum
1326 1256 1466 1289 inseruit,
1495 1256 1569 1284 mire
1591 1264 1682 1292 quam
1704 1265 1778 1285 con-

191 1311 312 1340 turbata
334 1314 426 1348 atque
449 1312 587 1340 confusa.
630 1311 747 1347 Quodsi
770 1312 809 1340 de
830 1311 959 1341 consilio
970 1302 983 1346 ‚⁵
1005 1312 1089 1348 quod
1118 1311 1191 1340 Cato
1213 1312 1243 1339 in
1266 1311 1500 1339 conscribendis
1524 1311 1697 1347 Originibus
1726 1320 1777 1341 se-

192 1370 281 1395 cutus
308 1375 381 1396 esse
403 1367 566 1401 videretur,
589 1367 721 1403 aliquam
741 1367 905 1396 habuisset
926 1368 1110 1410 opinionem,
1133 1374 1234 1402 neque
1256 1367 1393 1395 ordinem
1414 1367 1550 1402 Popmae
1572 1374 1668 1402 saepe
1689 1368 1777 1395 inex-

190 1421 365 1456 plicabilem
379 1422 557 1450 retinuisset
570 1428 672 1457 neque
686 1424 731 1450 tot
751 1422 918 1457 fragmenta
933 1422 1111 1458 reliquisset
1130 1421 1246 1449 incerta
1267 1428 1368 1456 neque
1384 1424 1445 1449 tam
1462 1421 1594 1450 confusa
1607 1422 1778 1458 fragmenta

190 1477 287 1512 primo
309 1477 386 1505 libro
408 1477 605 1506 inculcasset.
646 1477 832 1513 Legentibus
861 1477 960 1513 ipsius
988 1477 1201 1505 annotationes
1230 1477 1319 1504 facile
1345 1476 1506 1512 apparebit
1539 1477 1677 1512 piguisse
1706 1486 1776 1506 eum

132 1564 137 1568 ⁴
190 1532 291 1561 acrius
313 1540 376 1561 rem
398 1529 575 1568 perquirere
596 1535 628 1561 et
647 1532 843 1568 investigare.
1410 1564 1412 1566 ,

133 1575 144 1586 “
286 1588 313 1615 9.
337 1588 388 1616 Sic
410 1595 461 1615 res
483 1595 519 1615 se
534 1587 677 1621 habebat,
699 1595 792 1622 quum
807 1588 847 1615 ad
863 1595 929 1615 earn
942 1588 1031 1622 quasi
1047 1587 1193 1622 integram
1210 1586 1347 1614 accessit
1360 1587 1394 1613 A.
1410 1586 1617 1622 W’agener†).
1639 1588 1773 1616 Primum

138 1661 142 1663 -
188 1646 273 1670 recte
295 1643 381 1676 fecit,
414 1643 499 1678 quod
533 1651 571 1670 ex
590 1643 727 1677 Popmae
753 1645 907 1677 potestate
935 1650 971 1669 se
998 1642 1210 1676 emancipavit.
1257 1642 1375 1668 Deinde
1403 1642 1432 1667 in
1460 1641 1582 1676 singula
1607 1643 1776 1677 fragmenta

188 1697 350 1734 diligenter
371 1701 402 1727 et
422 1698 514 1727 docte
535 1697 692 1734 inquisivit
712 1697 887 1733 optimeque
913 1697 952 1725 de
974 1697 1189 1726 emendatione
1210 1704 1315 1725 eorum
1337 1696 1463 1725 meritus
1491 1700 1548 1725 est.
1589 1697 1652 1725 Sed
1680 1706 1775 1734 quum

187 1753 296 1782 vitaret
317 1753 503 1790 Charybdim
524 1752 634 1781 nimiae
654 1751 828 1788 religionis,
850 1759 911 1788 qua
931 1752 1107 1780 laborarunt
1127 1750 1316 1787 superiores,
1339 1750 1445 1779 incidit
1465 1751 1494 1779 in
1516 1751 1661 1787 Scyllam.
1706 1752 1774 1782 Non

187 1808 267 1837 enim
289 1808 451 1845 quaeritur,
474 1815 535 1845 quo
558 1808 679 1845 singula
699 1808 865 1859 fragmenta
886 1806 990 1836 referri
1011 1805 1180 1843 possint,
1208 1806 1266 1835 sed
1293 1813 1355 1843 quo
1379 1805 1557 1835 necessario
1579 1805 1684 1835 referri
1712 1806 1773 1836 de-

187 1864 315 1892 beant.
348 1865 389 1898 dn
415 1864 583 1893 levioribus
607 1864 730 1900 quidem
760 1863 853 1891 rebus
882 1862 971 1890 facile
997 1861 1143 1897 patimur,
1170 1861 1198 1890 si
1225 1862 1294 1903 quis
1322 1862 1382 1890 isto
1412 1862 1655 1898 conjecturarum
1681 1862 1774 1891 utitur

186 1926 307 1954 genere,
328 1909 394 1947 se&
406 1919 449 1947 ita
469 1921 587 1949 abusus
610 1922 659 1948 est
678 1918 843 1954 Wagener,
870 1920 904 1945 ut
923 1925 961 1945 ne
982 1917 1178 1945 summarium
1201 1917 1335 1952 quidem,
1358 1918 1442 1952 quod
1464 1917 1587 1945 tradidit
1609 1917 1771 1947 Cornelius

270 2028 301 2057 ⁷⁰)
319 2028 463 2053 Catoniana
483 2029 537 2051 sive
557 2028 593 2052 M.
617 2028 705 2053 Porcii
730 2028 836 2051 Catonis
858 2027 977 2051 Censorii
1003 2033 1066 2057 quae
1091 2021 1226 2056 supersunt
1253 2033 1357 2056 operum
1379 2026 1526 2055 fragmenta.
1566 2026 1639 2049 Nunc
1664 2027 1772 2057 primum

183 2082 298 2100 seorsum
314 2077 410 2100 auctius
428 2076 509 2100 edidit
526 2076 645 2100 Albertus
662 2075 736 2099 Lion.
771 2075 907 2105 Gottingae
925 2072 995 2098 1826.

279 2122 315 2153 ⁸⁶)
332 2124 446 2148 Joanues
463 2124 537 2155 Hugo
554 2131 603 2147 van
614 2123 722 2147 Bolhuis
740 2122 848 2146 diatribe
865 2121 991 2148 litteraria
1006 2121 1032 2144 in
1048 2121 1083 2144 M.
1093 2120 1180 2144 Porcii
1198 2119 1304 2144 Catonis
1316 2120 1431 2144 Censorii
1449 2126 1514 2150 quae
1532 2123 1667 2151 supersunt
1677 2121 1772 2152 scripta

182 2175 208 2194 et
222 2171 372 2202 fragmenta.
406 2172 516 2203 TraJecti
533 2172 568 2195 ad
583 2172 697 2196 Rhenum
715 2171 786 2195 1826.

277 2218 325 2249 ‘'.⁸)
342 2220 419 2243 Vitae
436 2224 461 2243 et
477 2220 618 2251 fragmenta
627 2207 738 2241 vete'rum
747 2217 924 2241 historicorum
934 2216 1112 2240 Romanorum.
1139 2214 1290 2245 Composuit
1299 2215 1429 2244 Augustus
1440 2214 1548 2239 Krause.
1571 2214 1687 2239 Berolini
1700 2215 1769 2240 1831.

276 2267 303 2296 ἦ)
319 2269 355 2292 Μ.
373 2269 460 2293 Porcii
473 2268 580 2292 Catonis
598 2267 722 2297 originum
739 2266 880 2296 fragmenta
889 2264 1032 2293 emendata,
1051 2263 1186 2293 disposita,
1196 2263 1325 2285 illustrata
1334 2262 1365 2285 ab
1383 2263 1417 2286 A.
1427 2263 1563 2293 Wagener,
1579 2263 1687 2286 Bonnae
1701 2264 1769 2287 1849.

182 2313 297 2343 (dissert.
314 2315 409 2347 inaug.)
1587 2352 1601 2378 1
1611 2351 1624 2365 *
