1980 2649
992 136 1031 163 34

232 237 332 263 tamen
352 233 393 261 ita
413 238 463 261 res
484 234 533 260 est
552 232 742 267 comparata,
768 232 802 258 ut
821 229 962 266 ejusdem
982 230 1025 259 rei
1046 230 1229 260 scribendae
1250 233 1377 269 saepius
1399 234 1502 264 oblata
1520 233 1660 262 videatur
1679 239 1794 270 oppor-

232 288 358 324 tunitas3
386 294 446 316 non
467 286 556 323 igitur
576 288 638 321 est,
666 293 720 315 cur
741 286 950 315 auctoritatem
970 286 1096 322 Donati,
1126 286 1178 324 qui
1199 293 1239 316 ex
1259 290 1399 319 secundo
1421 290 1497 320 libro
1525 290 1626 319 locum
1653 289 1738 325 citat,
1765 288 1796 318 in

232 343 447 374 dubitationem
467 350 625 372 vocemus.
667 342 731 371 Sed
752 343 791 371 de
813 345 943 380 quatuor
963 343 1138 380 fragmentis
1160 343 1247 372 aliter
1261 343 1413 380 judicavit
1423 346 1586 384 Wagener.
1625 345 1676 375 Ad
1696 344 1794 382 expll-

231 400 360 428 candum
386 399 441 434 frg.
470 398 510 428 63
537 398 662 427 adhibet
686 398 816 434 Dionys.
836 399 910 427 Exc.
938 399 978 427 ed
1003 399 1072 434 Maj.
1097 399 1172 432 XIII,
1196 398 1233 427 14
1254 401 1284 427 et
1305 399 1351 427 15.
1393 400 1458 435 Qua
1483 403 1513 430 in
1539 410 1573 430 re
1597 409 1686 429 nemo
1713 403 1795 429 certe

229 457 323 490 esset,
344 454 416 492 quin
438 454 591 491 exciperet
611 461 755 489 assensu,
777 454 835 484 nisi
856 454 962 491 optimi
983 455 1108 484 codices
1123 463 1183 484 non
1200 455 1240 484 de
1254 454 1387 490 muliere,
1409 456 1466 485 sed
1488 457 1527 486 de
1546 465 1641 494 puero
1663 456 1795 493 quodam

229 519 266 539 ea
287 511 370 539 dicta
390 517 462 539 esse
484 510 688 538 ostenderent.
732 510 787 546 Qui
808 517 881 539 vero
902 510 1071 539 Lucretiam
1093 518 1130 539 eo
1157 511 1227 551 loco
1249 510 1448 547 significatam
1474 519 1549 541 esse
1571 514 1728 549 putarunt,
1752 512 1796 541 illi

230 567 352 603 quidem
385 566 564 595 sententiam
598 565 720 594 omnino
747 573 808 594 non
834 568 1066 602 perspexerunt.
1114 565 1318 595 Referendum
1346 569 1394 596 est
1417 566 1472 604 frg.
1498 567 1538 596 ad
1564 569 1791 604 paedieatorem

229 622 335 651 nescio
357 629 456 658 quem,
478 628 547 649 nam
569 621 658 649 etiam
680 621 910 658 antiquissimae
924 621 1025 651 Italiae
1041 624 1147 658 gentes
1161 621 1189 651 ei
1204 622 1316 652 amoris
1330 623 1433 659 generi
1446 623 1652 660 indulgebant.
1672 623 1795 660 (Athen.

228 679 287 713 XII,
312 678 358 713 14,
376 676 461 713 517.)
502 677 595 706 Multo
624 676 724 706 minus
751 677 942 714 probandum
962 678 1096 712 videtur,
1124 677 1207 714 quod
1228 678 1303 715 srgg.
1325 678 1365 708 64
1386 681 1417 708 et
1436 679 1476 710 69
1505 679 1608 717 quinto
1635 679 1713 709 libro
1740 680 1796 710 ad-

228 734 352 769 scripsit
364 735 505 770 neglecta
522 734 663 761 codicum
675 734 864 762 auctoritate.
906 734 999 771 Cujus
1020 734 1063 762 rei
1084 742 1176 769 quum
1196 734 1225 761 in
1245 735 1346 770 priore
1367 736 1450 764 nulla
1471 736 1512 765 sit
1532 743 1635 771 causa,
1656 736 1686 763 in
1701 736 1795 764 altero

229 790 259 817 id
280 789 358 823 fecit,
381 789 465 825 quod
479 789 528 817 alii
547 789 700 825 suspicari
721 797 811 825 quam
825 797 881 825 pro
898 793 981 818 certo
997 789 1144 817 affirmare
1163 790 1341 825 maluerunt,
1359 792 1448 826 quasi
1464 792 1509 819 sal
1525 791 1796 827 Karthaginiensis,

230 844 316 880 cujus
337 844 477 872 virtutem
497 844 740 880 praedicatPlin.
752 845 855 879 XXXI,
867 844 915 879 39,
938 845 1167 874 commemorari
1187 848 1218 873 et
1238 853 1307 875 cum
1327 847 1396 875 aliis
1419 847 1522 875 Italiae
1543 847 1649 876 salinis
1671 853 1796 882 compa-

203 899 287 928 ·rari
311 907 372 928 non
401 899 511 936 possit.
553 900 736 937 Fragmento
768 900 900 937 denique
926 899 965 930 66
993 900 1076 937 quod
1104 900 1248 930 catonem
1275 908 1295 930 a
1320 902 1417 938 primo
1444 902 1522 931 libro
1555 902 1595 931 ad
1627 901 1797 930 secundum

228 955 390 984 transiisse
416 958 502 991 putat
526 955 719 985 Bolhuisium
746 959 890 991 secutus,
918 956 970 993 qui
991 956 1081 985 etiam
1101 956 1157 992 frg.
1180 955 1218 985 62
1249 964 1317 986 cum
1344 957 1383 987 66
1411 958 1655 994 conjungendum
1679 959 1796 990 censet,

230 1019 414 1047 quamquam
436 1012 603 1046 nescimus,
625 1012 694 1048 quis
717 1012 789 1048 quid
810 1012 1027 1046 sublimaverit,
1049 1012 1148 1046 vides,
1170 1020 1261 1048 quam
1282 1013 1441 1042 imbecillis
1457 1013 1639 1050 argumentis
1654 1020 1731 1041 usus
1747 1012 1795 1041 sit.

228 1083 269 1087 —
294 1068 340 1095 De
361 1068 487 1095 incertis
509 1068 576 1095 libri
603 1069 681 1095 tertii
707 1069 841 1104 reliquiis
869 1072 953 1096 recte
978 1069 1174 1104 reprehendit
1193 1069 1347 1105 Wagener
1366 1078 1433 1105 eos,
1456 1071 1507 1107 qui
1528 1071 1582 1106 frg.
1605 1070 1642 1097 75
1663 1069 1798 1096 ultimum

212 1111 214 1113 Ι
232 1131 271 1151 ex
296 1131 334 1152 eo
361 1124 438 1152 libro
460 1124 558 1152 fuisse
585 1125 813 1153 contenderunt.
855 1124 979 1152 Poterat
998 1124 1077 1152 enim
1099 1124 1172 1153 Cato
1195 1124 1371 1153 Samnitium
1392 1126 1554 1153 aliarumve
1576 1124 1707 1161 gentium
1727 1131 1798 1160 per-

232 1180 355 1215 scriptis
377 1180 516 1215 populis,
539 1183 621 1207 certe
643 1181 732 1208 etiam
753 1181 829 1208 alias
852 1181 994 1208 civitates
1016 1181 1044 1207 in
1068 1181 1178 1208 eodem
1198 1181 1275 1221 libro
1297 1185 1461 1209 sexcentas
1482 1182 1660 1216 plenissime
1681 1180 1798 1207 descri-

230 1236 314 1265 bere.
355 1235 448 1264 Multo
470 1236 571 1265 minus
593 1235 737 1265 audiendi
758 1239 830 1265 sunt
851 1236 885 1270 ii,
908 1236 959 1272 qui
980 1235 1041 1264 hoc
1062 1236 1117 1271 srg.
1139 1236 1187 1264 usi
1209 1239 1294 1270 sunt,
1319 1239 1353 1265 ut
1372 1236 1613 1264 demonstrarent
1633 1235 1704 1264 novi
1725 1242 1798 1263 esse

232 1291 346 1328 operis,
369 1298 448 1328 quae
470 1298 509 1320 ex
529 1291 656 1328 reliquis
679 1290 834 1328 Originum
855 1290 939 1320 libris
960 1290 1163 1320 laudarentur.
1183 1306 1223 1311 —
1244 1291 1331 1328 Quod
1345 1291 1449 1328 Nepos
1471 1298 1510 1320 ex
1529 1289 1578 1320 his
1599 1290 1682 1320 libris
1703 1292 1798 1319 totum

232 1356 311 1383 opus
334 1347 474 1383 Origines
497 1348 682 1383 appellatum
705 1356 778 1376 esse
798 1350 894 1383 putat,
916 1355 952 1375 ea
971 1355 1021 1376 res
1043 1351 1153 1383 postea
1174 1348 1230 1376 erit
1250 1347 1452 1383 dijudicanda.

271 1402 298 1431 7.
333 1403 371 1432 In
398 1405 533 1439 quarto
556 1406 682 1432 autem
703 1403 843 1432 bellurn
865 1402 1068 1432 Poenicum
1088 1402 1259 1438 primum,
1288 1403 1324 1431 in
1352 1402 1483 1439 quinto
1505 1401 1730 1436 secundum,
1758 1415 1799 1421 --

233 1461 346 1494 atque
371 1457 468 1487 haec
496 1458 624 1487 omnia
650 1459 890 1495 capitulatim
917 1461 1006 1486 sunt
1033 1458 1137 1486 dicta
1155 1472 1196 1477 —-
1215 1457 1445 1494 reliquaque
1465 1458 1569 1486 bella
1589 1457 1669 1493 pari
1689 1456 1798 1485 modo

234 1517 468 1549 persecutus
491 1518 557 1542 est
577 1523 702 1551 usque
724 1516 768 1543 ad
782 1518 997 1550 praeturam
1012 1514 1136 1542 Servii
1152 1514 1307 1547 Galbae,
1330 1514 1393 1548 qui
1408 1513 1570 1549 dir1puit
1582 1513 1797 1541 Lusitanos.

232 1571 359 1605 Atque
388 1569 519 1598 horum
549 1571 739 1599 bellorum
771 1572 891 1599 duces
923 1578 994 1598 non
1025 1569 1247 1603 nominavit,
1279 1569 1349 1597 sed
1376 1570 1459 1596 sine
1487 1569 1703 1597 nominibus
1734 1575 1797 1596 res

234 1626 392 1655 notavit.
433 1626 614 1663 Priusquam
637 1627 675 1655 de
697 1627 826 1662 singulis
842 1627 935 1655 rebus
952 1626 1150 1660 disseramus,
1174 1626 1212 1654 de
1226 1625 1370 1654 universo
1386 1625 1454 1654 loco
1469 1632 1568 1660 pauca
1581 1623 1799 1660 praemittenda

233 1681 382 1711 videntur.
410 1681 543 1718 Sublatis
560 1682 690 1719 punctis,
713 1690 791 1719 quac
804 1682 911 1719 reliqui
927 1684 1000 1719 post
1018 1681 1112 1710 verba
1134 1681 1266 1718 quinto
1288 1680 1498 1710 secundum
1520 1682 1551 1709 et
1565 1679 1798 1717 capitulatim

235 1741 319 1767 sunt
340 1739 442 1766 dicta
455 1741 631 1775 posuerant,
644 1742 794 1767 commata
806 1739 907 1774 posui.
928 1739 1056 1768 Retento
1073 1738 1152 1765 enim
1166 1738 1290 1774 vulgato
1300 1737 1530 1774 interpungendi
1546 1743 1667 1773 genere,
1678 1735 1797 1772 adjecto

236 1797 286 1823 aut
306 1795 409 1824 audito
437 1795 466 1823 in
494 1794 598 1831 primis
619 1794 721 1824 verbis
743 1795 896 1824 vocabulo
912 1795 968 1829 est,
988 1796 1034 1822 ter
1053 1793 1083 1821 in
1104 1792 1152 1822 his
1176 1793 1276 1823 verbis
1299 1795 1441 1822 mutatum
1463 1795 1511 1822 est
1531 1792 1711 1829 subjectum,
1732 1798 1800 1820 mea

234 1850 349 1879 ratione
371 1853 498 1887 recepta
518 1858 690 1886 numquam.
732 1851 808 1880 Nam
829 1851 924 1879 verba
944 1851 1040 1889 atque
1059 1847 1136 1878 haec
1157 1848 1261 1879 omnia
1281 1846 1479 1888 capitulatim
1497 1849 1569 1876 sunt
1588 1845 1675 1877 dicta
1688 1854 1798 1884 paren-

236 1905 332 1935 thesis
354 1908 425 1936 loco
446 1907 592 1936 habenda
609 1910 693 1941 sunt,
723 1915 784 1943 qua
804 1907 834 1935 in
861 1914 894 1935 re
922 1907 961 1934 de
986 1914 1045 1934 usu
1076 1906 1241 1941 particulae
1267 1908 1379 1941 atque
1401 1913 1419 1933 a
1438 1904 1629 1934 Ferdinando
1650 1904 1739 1932 Hand
1759 1902 1799 1930 ad

241 1961 440 1991 Tursellinum
462 1962 594 1999 aliisque
615 1963 691 1992 satis
713 1963 863 1992 illustrato
885 1970 947 1991 non
969 1964 1027 1996 est,
1050 1962 1133 1998 quod
1149 1969 1187 1990 ex
1200 1961 1276 1990 meis
1292 1961 1411 1990 addam.
1452 1960 1613 1989 Praeterea
1626 1966 1695 1987 mea
1708 1957 1798 1986 inter-

242 2019 394 2053 pungendi
426 2019 543 2048 ratione
574 2021 700 2054 recepta
731 2019 824 2048 multo
860 2018 979 2047 facillus
1013 2017 1215 2055 adjunguntur
1243 2017 1337 2046 verba
1366 2014 1551 2056 reliquaque
1581 2017 1611 2043 et
1637 2021 1714 2050 quae
1747 2021 1798 2043 se-

233 2075 378 2106 quuntur.
435 2074 551 2110 Quodsi
585 2074 698 2101 sactum
731 2074 800 2109 erit,
833 2075 864 2102 id
895 2074 959 2110 Jam
990 2073 1112 2102 dubium
1142 2080 1202 2101 non
1238 2075 1300 2107 est,
1334 2072 1417 2109 quod
1446 2072 1571 2108 vulgata
1599 2069 1798 2106 interpunctio

235 2118 273 2155 fin
308 2130 404 2170 me‘dio
438 2131 594 2167 relinquit,
635 2130 706 2166 quin
742 2131 830 2159 etiam
862 2130 1044 2160 Punicorum
1084 2129 1232 2158 bellorum
1266 2129 1362 2158 duces
1396 2136 1457 2157 non
1490 2125 1688 2155 nominaverit
1715 2125 1798 2154 Cato-

196 2204 198 2206 v
242 2183 338 2212 Recte
358 2184 389 2212 id
409 2193 443 2214 se
463 2186 591 2220 habere,
620 2186 707 2215 facile
729 2186 904 2223 intelligitur
930 2194 968 2214 ex
987 2186 1040 2222 frg.
1063 2184 1111 2220 87,
1134 2193 1194 2221 quo
1216 2186 1285 2214 loco
1305 2184 1420 2214 Plinius
1441 2179 1616 2212 detraxisse
1634 2178 1800 2211 annalibus

230 2240 319 2269 dicit
348 2240 489 2271 Catonem
515 2241 740 2281 imperatorum
765 2242 897 2273 nomina.
951 2244 991 2272 At
1026 2245 1167 2272 accurate
1195 2243 1233 2271 de
1260 2250 1297 2271 ea
1317 2250 1350 2270 re
1370 2238 1537 2275 scripsisse
1558 2238 1685 2267 Plinium
1709 2241 1800 2274 negat

242 2296 429 2334 Nipperdey.
470 2297 547 2327 Dicit
566 2298 645 2328 enim
667 2298 741 2329 satis
764 2299 859 2331 fuisse
880 2300 909 2330 in
930 2298 967 2329 iis
988 2298 1092 2334 bellis,
1120 2306 1198 2336 quae
1225 2300 1299 2335 post
1321 2296 1433 2327 bellum
1459 2293 1604 2325 Punicum
1630 2294 1797 2324 secundum
