1980 2649
987 163 1020 191 41

223 260 304 289 bella
327 258 535 288 tantummodo
564 256 733 293 scripsisse
759 257 911 287 Catonem.
954 257 1095 288 Omissae
1121 257 1211 294 igitur
1235 260 1307 287 sunt
1334 265 1384 287 res
1410 257 1546 287 urbanae
1572 263 1631 285 nec
1657 254 1740 285 inest
1764 257 1792 285 in

215 315 367 351 reliquiis,
389 315 473 351 quod
493 313 573 342 falsa
591 313 739 349 Nepotem
761 314 926 342 tradidisse
946 316 1107 350 coarguat,
1130 314 1189 342 nisi
1209 314 1285 342 forte
1306 314 1361 349 rrg.
1386 313 1425 342 34
1446 321 1485 342 ex
1506 320 1544 341 eo
1567 319 1694 341 numero
1719 319 1793 341 esse

217 370 406 406 putabimus.
446 370 514 398 Jam
532 369 701 403 videamus,
723 369 796 405 quid
817 370 856 396 de
874 369 1002 403 singulis
1013 369 1106 397 rebus
1122 370 1315 397 statuendum
1331 370 1378 398 sit.
1418 369 1505 397 Bello
1521 368 1636 397 Punico
1653 368 1792 396 secundo

216 426 399 462 composito
420 431 520 460 usque
541 425 579 463 ad
600 427 770 460 praeturam
791 424 888 453 Servii
908 424 1032 459 Galbae,
1054 424 1106 460 qui
1124 427 1265 459 praeerat
1282 425 1447 460 Hispaniae
1461 424 1597 452 ulteriori
1611 424 1649 452 M.
1664 424 1792 452 Claudio

225 481 369 511 Marcello
395 479 429 509 L.
449 479 574 510 Lucullo
602 488 687 510 coss:
709 487 788 509 anno
817 479 1043 509 sexcentesimo
1070 480 1157 509 tertio
1185 479 1236 515 (ef.
1263 479 1325 508 Liv.
1348 480 1418 516 epit.
1445 478 1485 509 48
1512 482 1544 514 et
1562 480 1693 515 Appian.
1714 480 1791 508 lber.

225 536 266 568 ,49
285 536 347 572 sq.)
369 535 495 564 Romani
517 537 679 571 gesserunt
698 535 780 564 bella
804 537 909 564 contra
928 535 1100 572 Philippum
1119 535 1297 572 Persenque
1318 535 1520 570 Macedones,
1548 536 1654 564 contra
1675 534 1791 574 Gallqs,

225 593 394 622 Celtiberos
411 592 634 627 H1spanosque‚
648 592 919 625 Lacedaemonios,
934 592 1071 627 Ligures,
1084 592 1268 620 Antiochum
1281 593 1482 627 Aetolosque,
1496 591 1672 624 Lusitanos,
1684 592 1790 625 Istros,

216 647 350 682 Sardos,
366 647 490 682 Corsos,
503 647 674 682 Dardanos,
694 646 824 684 Illyrios,
842 647 1008 682 Dalmatas,
1028 647 1168 683 Alpinos.
1205 648 1264 677 Tot
1284 650 1353 676 sunt
1367 648 1456 682 bella,
1479 649 1554 683 quot
1569 646 1690 676 duobus
1706 647 1791 676 libris

225 704 276 731 vix
296 711 331 731 ac
354 711 391 731 ne
413 704 463 732 vix
491 703 614 739 quidem
637 702 854 740 comprehendi
874 705 1021 740 possunt3
1052 710 1109 732 nec
1136 711 1173 732 ea
1193 707 1242 732 est
1270 704 1316 732 vis
1345 704 1431 732 vocis
1451 701 1586 742 reliqna..
1633 703 1792 739 Quaeritur

224 760 313 795 igitur
338 767 417 794 quac
446 760 527 787 bella
553 759 618 794 pari
645 759 738 787 modo
766 762 857 795 atque
883 758 998 787 Punica
1023 766 1165 787 narrasse
1192 759 1330 787 videatur
1355 759 1438 787 Cato.
1485 760 1587 794 Atque
1612 760 1696 795 quod
1722 759 1791 788 libri

223 816 303 844 sexti
330 822 422 842 unum
457 817 506 842 est
529 815 741 849 fragmentum,
776 814 987 849 inquirendum
1018 817 1067 842 est
1093 814 1122 841 in
1154 815 1316 849 septimum
1343 815 1461 842 librum.
1507 814 1688 848 Fragmenta
1718 818 1790 842 sunt

223 868 376 903 undecim,
398 876 525 905 quorum
540 869 601 898 duo
618 867 735 904 (tm-et
750 868 912 905 113)·-sunt
933 869 972 897 de
995 868 1043 902 iis,
1065 876 1143 905 quae
1161 869 1191 897 in
1204 869 1351 905 Hispania
1371 869 1578 899 memorabilia
1599 869 1788 904 videbantur,
1806 899 1808 903 ,

223 914 305 960 trgg.
321 924 474 965 114÷116
486 925 534 952 -de
554 925 690 952 luxuriae
707 925 932 969 instrumentis,
954 925 1064 959 quibus
1088 925 1126 952 ad
1148 927 1314 960 corporum*
1334 925 1432 953 cultus
1466 925 1701 961 curationesque
1721 928 1788 953 ute·
1806 915 1811 949 'a

224 982 340 1010 bantur‘
352 981 496 1017 imprimis
519 980 671 1017 mulieres.
711 981 910 1010 Notissimum
938 981 1063 1016 quidem
1090 984 1138 1009 est
1158 981 1281 1009 Catonis
1309 981 1446 1009 consulis
1469 982 1602 1009 studium
1623 982 1653 1009 in
1675 983 1789 1010 tuenda

223 1037 292 1073 lege
318 1036 417 1073 Oppia
441 1044 497 1065 nec
523 1036 622 1065 minus
649 1039 767 1073 notum,
801 1029 910 1073 quanta
938 1023 1100 1066 severitate
1132 1037 1161 1065 in
1188 1045 1318 1066 censura
1344 1037 1383 1065 ad
1411 1038 1613 1066 coercendam
1641 1038 1788 1066 luxuriam

224 1092 371 1121 usus-sit.
414 1093 476 1122 Sed
498 1100 535 1120 ea
559 1091 589 1120 h.
618 1092 636 1120 l.
667 1078 980 1135 commemorari'non
1008 1096 1161 1128 poterant3
1198 1093 1334 1121 omittere
1362 1096 1460 1120 autem
1487 1101 1547 1121 non
1575 1096 1695 1129 poterat
1713 1093 1788 1122 Cato

225 1148 255 1176 in
276 1148 323 1183 iis,
348 1155 430 1185 quae
439 1148 616 1177 admiranda
630 1147 666 1176 ⁴in
680 1134 834 1185 Hispaniis
849 1148 970 1183 fiebant,
991 1148 1192 1184 Hispanamm
1213 1148 1371 1178 mulierum
1392 1148 1582 1184 vestimenta,
1605 1157 1684 1185 quae
1700 1149 1789 1178 etiam

223 1205 406 1233 Artemidori
430 1203 565 1239 Ephesii
582 1188 768 1239 mirationem
794 1205 823 1231 in
851 1211 887 1232 se
914 1207 1140 1238 converterunt,
1170 1200 1207 1232 τὰ
1238 1201 1452 1242 περιτραχηλια
1484 1202 1609 1242 σιδηρᾶ,
1638 1201 1789 1241 προκόμια

224 1255 392 1296 ἐψιλωμένα
411 1254 549 1295 reliqua,
558 1261 588 1287 et
607 1260 770 1288 verisimile
792 1262 840 1287 est
859 1259 1004 1289 Catonem
1023 1267 1060 1287 ea
1082 1268 1142 1287 non
1161 1260 1253 1301 modo
1266 1267 1548 1305 commemorasse,
1571 1267 1681 1303 verum
1696 1260 1788 1300 etiam
1860 1273 1903 1301 Μ
1920 1271 1927 1287 ι

224 1323 294 1344 cum
314 1316 522 1356 Romanorum
535 1315 654 1352 Luxuria
670 1322 881 1352 comparasse.
922 1316 1028 1343 Narrat
1048 1315 1156 1344 Strabo
1177 1316 1224 1349 ΠΙ,
1245 1315 1273 1348 4,
1295 1323 1325 1350 p.
1346 1314 1404 1343 266
1425 1314 1559 1343 Tauchn.
1580 1311 1652 1348 τούς
1672 1311 1789 1352 ανδρας
1914 1301 1918 1305 ”

223 1354 430 1403 ἷιδῖνοῖἷαῐς
448 1367 567 1407 γυναιξὶ
585 1371 706 1406 προῖκα,
727 1378 818 1406 quem
839 1378 953 1399 morem
974 1370 1053 1399 Roth
1074 1373 1237 1406 spectasse
1258 1373 1360 1405 putat.
1364 1370 1521 1398 Catonem·
1528 1370 1582 1406 frg.
1606 1371 1671 1405 135,
1695 1379 1788 1407 quum

226 1427 308 1459 dicit,
328 1424 430 1454 Dotes
448 1424 574 1463 filiabus
592 1424 657 1453 suis
669 1432 732 1453 non
751 1424 847 1459 ἀαπις
867 1426 924 1453 sed
945 1426 999 1461 srg.
1014 1426 1090 1454 libro
1107 1427 1236 1461 septimo
1252 1427 1387 1456 inserere
1401 1425 1493 1459 nolui,
1516 1426 1601 1461 quod
1614 1434 1681 1455 mos
1705 1427 1786 1456 dotis

226 1482 346 1511 dandae
368 1481 465 1517 qua‘lis
487 1482 574 1509 luerit
588 1482 669 1516 apud
685 1481 912 1516 antiquissimas
927 1482 1028 1509 ltaliae
1045 1485 1150 1516 gentes
1165 1482 1329 1510 Poenosve
1350 1481 1422 1508 mihi
1435 1489 1496 1509 non
1512 1486 1641 1510 constat.
1682 1484 1789 1511 Potest

196 1535 200 1539 ⁴
227 1538 317 1567 etiam
329 1536 457 1587 ιἰ3.·122
471 1534 582 1576 jurum
597 1536 755 1576 lequmque
768 1535 903 1566 cultores
917 1538 955 1565 ad
970 1537 1190 1566 Celtiberorum
1206 1531 1430 1578 simplicitatem
1443 1536 1554 1565 referri.
1572 1537 1684 1572 „lner’at
1698 1539 1787 1567 etiam

225 1593 254 1620 in
275 1592 336 1621 hoc
357 1593 433 1621 libro
456 1594 550 1621 oratio
573 1592 745 1627 Catoniana,
761 1600 852 1628 quam
866 1592 961 1621 dixit
954 1601 983 1621 ιιι
998 1593 1082 1622 Serv.
1097 1593 1231 1627 Galbam,
1254 1593 1304 1628 qui
1320 1592 1441 1628 diripuit
1452 1582 1625 1622 Lusitanos.
1665 1593 1788 1622 Praeter
1805 1626 1813 1636 x

226 1649 304 1677 duas
312 1645 369 1676 has
378 1648 530 1676 orationes
538 1646 826 1683 proRhodiensibus
838 1647 907 1676 etin
916 1648 1040 1677 Galbam
1053 1648 1128 1677 alias
1136 1648 1307 1683 Originibus
1322 1656 1381 1676 non
1392 1648 1527 1676 inseruit
1549 1649 1623 1677 Nam
1632 1643 1812 1678 ora‘fiones
1809 1668 1813 1690 ⁵
1867 1674 1890 1687 ,ἶ

227 1704 407 1733 Catonianas
430 1703 535 1732 Cicero
557 1702 650 1738 (Brut.
673 1702 719 1737 17,
732 1699 784 1739 65)
810 1703 966 1732 invenerat
986 1691 1114 1738 amplius
1137 1706 1256 1731 centum
1278 1703 1505 1739 quinquaginta;
1527 1712 1565 1732 ex
1586 1712 1644 1740 quo
1661 1713 1786 1753 numero
1807 1693 1812 1749 Ξ
1848 1684 1887 1706 s

225 1766 307 1790 nunc
318 1756 451 1798 vestiyia
462 1757 635 1798 nonayinta
648 1752 824 1788 orationum
835 1757 949 1788 relicta
962 1760 1042 1795 sunt.
1058 1758 1183 1795 (Meyer.
1195 1767 1228 1795 p.·
1233 1758 1274 1794 8)
1315 1759 1370 1787 In·
1363 1759 1399 1788 iis
1416 1763 1502 1788 etant
1515 1761 1696 1808 permultae,
1707 1761 1787 1795 quae
1802 1765 1808 1788 ι

227 1815 266 1843 ad
287 1821 350 1843 rem
370 1814 534 1852 publicam
531 1814 726 1850 wspectabant
748 1816 779 1842 et
798 1814 825 1843 si
846 1821 900 1843 eas
923 1821 1000 1843 vano
1023 1813 1071 1843 sui
1092 1821 1193 1843 amore
1207 1810 1355 1844 i'nductus
1378 1814 1466 1845 cato
1473 1814 1500 1843 in
1509 1811 1655 1865 Origines
1656 1816 1806 1864 quales

227 1871 324 1898 misse
344 1870 436 1905 vulgo
459 1867 641 1897 existimant
650 1870 803 1897 inculcare
822 1870 982 1903 voluisset,
986 1869 1286 1913 ,εειορίεείιιιθῖῇιω
1290 1870 1342 1898 rei
1354 1867 1495 1899 facultas‘
1497 1873 1583 1899 esset
1594 1857 1705 1917 data
1702 1872 1788 1901 'Sed

230 1926 305 1954 duas
332 1925 400 1953 illas
427 1922 639 1954 tantummodo
662 1925 813 1954 orationes
839 1925 869 1953 in
891 1925 1062 1969 Originibus
1090 1925 1218 1961 infuisse
1242 1918 1400 1954 testantur
1417 1930 1536 1956 veteres
1555 1929 1596 1954 et
1610 1914 1651 1954 ita
1671 1924 1801 1955 tcs‘tan
1800 1906 1806 1927 )

229 1983 285 2015 tur,
306 1982 339 2009 ut
358 1979 457 2008 nullus
480 1966 623 2029 scriptor
629 1970 783 2009 Romanus
805 1982 924 2016 praeter
945 1978 1154 2016 Quintilianum
1171 1980 1208 2014 -Π,
1217 1980 1271 2015 15,
1286 1979 1496 2017 8·(srg'.·-120)
1494 1973 1602 2010 earum-
1612 1983 1790 2034 orationum

229 2036 411 2065 mentionem
432 2035 552 2070 fecerit,
569 2035 651 2071 -quin
678 2035 774 2064 semel
794 2038 846 2064 aut
865 2034 1012 2072 saepius
1009 2035 1176 2071 addiderit,
1194 2032 1400 2085 Originibus
1394 2044 1458 2070 eas.
1471 2037 1637 2081 orationes.-
1647 2036 1730 2068 esse
1743 2039 1789 2068 ἰιι-
1826 2022 1829 2025 ⁴

229 2092 345 2120 clusas.
373 2091 423 2126 (cs.
445 2098 499 2127 pro
520 2090 618 2119 Rhod.
640 2092 729 2119 locos
757 2091 803 2119 ad
822 2091 876 2128 frg.
897 2091 936 2119 97
963 2091 1120 2126 laudatos,
1148 2091 1190 2119 in
1200 2077 1341 2138 Galbam·
1339 2087 1420 2122 Cic.
1424 2092 1470 2121 ,de
1485 2083 1570 2123 orat.
1588 2092 1632 2130 Π,
1636 2094 1698 2134 53
1721 2095 1788 2131 227,

227 2149 309 2181 Brut,
330 2147 378 2182 23,
401 2147 438 2176 89
459 2147 518 2181 (21,
540 2147 590 2182 81)
616 2147 679 2175 Liv.
702 2148 772 2183 epit.
793 2148 891 2175 XLIX.
919 2132 1020 2176 valer.
1028 2148 1131 2179 -M..ax
1140 2148 1216 2182 VIII,
1240 2148 1266 2182 1,
1286 2148 1314 2177 2.
1349 2144 1431 2177 Geli.
1442 2141 1528 2183 X·III,
1548 2143 1613 2188 25,
1603 2138 1697 2186 15.)
1713 2152 1789 2180 Hoc
1837 2157 1840 2160 “

227 2203 294 2232 fieri
319 2203 371 2232 vix
391 2205 525 2240 poterat,
554 2202 580 2231 si
602 2202 690 2231 etiam
711 2202 789 2231 aliae
811 2202 979 2232 orationes
982 2194 1169 2233 Catonianae
1195 2203 1225 2233 in
1241 2189 1420 2246 Originibus
1445 2197 1654 2250 infuissent.
1641 2208 1790 2252 Addidit

228 2259 318 2295 igitur
339 2259 504 2288 orationem
525 2260 555 2288 in
576 2259 700 2288 Galbam
714 2259 861 2295 septimo
872 2259 965 2294 libro,
988 2247 1090 2296 quod·
1087 2260 1194 2288 -inerat
1225 2252 1387 2304 multarum
1412 2266 1512 2291 rerum
1525 2264 1681 2299 narratio,
1711 2265 1788 2299 quae

228 2315 259 2343 in
278 2314 426 2351 Hispania
445 2312 650 2346 admirandae
668 2311 786 2353 fierent.
811 2314 849 2345 Et
869 2315 1012 2352 quoniam
1033 2323 1105 2345 non·
1115 2316 1155 2346 ad
1176 2319 1274 2346 certas
1296 2315 1392 2354 atque
1406 2305 1554 2348 definitas
1575 2319 1787 2348 historicorum

1633 2367 1652 2396 6

1829 991 1864 1022 ί
