1980 2649
1004 162 1044 193 ³0

228 265 414 297 quamquam
434 256 524 285 animi
545 257 777 294 voluptatisque
797 265 896 288 causa
915 261 1113 296 exercentur3
1134 265 1205 288 nam
1224 256 1307 288 nihil
1322 258 1449 299 agendo
1468 257 1809 299 maenaque

230 313 362 346 discunt.
403 312 467 342 Nec
496 319 632 349 unquam
657 313 705 342 vir
730 321 805 343 vere
837 321 967 353 magnus
998 314 1119 345 desidia
1144 316 1237 352 atque
1267 315 1416 346 socordia
1447 315 1601 354 ingenium
1628 317 1809 353 torpescere

229 377 344 409 passus
365 371 429 405 est;
457 368 530 405 quin
556 368 647 399 etiam
671 366 784 409 Sdpt'o
806 367 981 409 Ati-iem
1006 369 1114 401 dicere
1130 368 1271 407 solebat,
1297 377 1463 409 nunquan
1486 379 1521 402 ee
1547 369 1659 402 mim-
1674 368 1809 402 om

229 434 313 463 me,
339 432 434 465 quam
453 432 546 464 quum
565 423 705 461 otiosus,
730 433 788 456 nec
807 426 908 456 minus
925 427 1044 464 solnm,
1068 435 1160 468 quam
1185 434 1277 468 quum
1295 426 1382 457 solun
1401 429 1492 458 met.
1532 428 1646 459 Verum
1663 435 1726 465 eso
1745 434 1808 457 uon

231 481 445 513 delectationis
467 489 562 510 causa
582 480 623 510 ad
641 482 840 513 scribendum
862 491 911 512 me
932 485 1061 520 contuli,
1088 484 1147 513 sed
1173 486 1207 513 ut
1224 482 1379 513 rationem
1396 482 1563 515 rodda-m
1588 484 1708 515 civibus
1738 482 1806 515 otii.

230 537 400 570 Clarorum
434 535 513 566 enim
545 535 688 566 virorum
721 546 786 568 ηοπ
818 538 918 568 mim
952 538 1013 569 otii
1043 547 1136 579 quam
1168 538 1290 580 negot&
1313 530 1477 568 'rationem
1511 542 1639 571 miore
1671 542 1807 578 oportet.

232 595 307 625 Mihi
327 594 451 631 quidem
472 593 549 622 satis
572 593 718 623 idoneum
740 594 919 632 Catoneque
946 596 1068 633 dignum
1089 595 1211 624 videtur
1229 585 1487 631 tale'exordium,
1512 596 1694 632 praesertim
1714 602 1809 634 quum

233 660 272 681 ea
292 653 392 680 aetate
408 648 549 686 Origines
570 650 744 686 scripsisse
763 651 914 686 videatur,
937 659 998 689 qua
1017 652 1045 680 ei
1065 658 1121 688 per
1141 654 1332 680 senectutem
1347 651 1413 688 ,iam
1432 659 1494 681 non
1514 651 1621 681 liceret
1640 659 1692 681 res
1706 651 1808 689 publi-

234 715 287 737 cas
302 707 444 735 tractare.
466 701 519 743 (cf.
533 705 589 742 frg.
606 704 687 741 118.)
728 705 809 736 Roth
830 707 922 736 etiam
942 708 1002 737 alia
1021 708 1051 736 in
1071 706 1259 744 praefatione
1279 706 1467 742 exposuisse
1481 707 1626 737 Catonem
1644 707 1808 743 existimat,

230 762 325 792 veluti
346 761 386 790 de
407 760 543 791 fontibus
565 760 632 791 suis
655 760 723 799 (frg.
739 760 819 798 123),
842 762 882 792 de
903 762 1081 802 auctoritate
1100 761 1315 793 historicorum
1336 761 1405 800 (ἴτε.
1419 762 1500 800 126),
1521 762 1553 793 in
1572 762 1749 793 universum
1768 762 1809 793 de

230 818 362 848 historia
394 818 561 847 scribenda
587 816 656 854 (ἴτε.
677 817 709 854 a)
736 818 857 854 aliaque
883 818 952 855 (frg.
973 818 1035 855 41),
1061 819 1120 848 sed
1140 818 1218 848 haec
1245 818 1318 847 mihi
1338 818 1377 848 ab
1397 818 1684 849 aetateicatoniaua
1709 818 1809 848 aliena

230 875 381 908 videntur,
402 873 583 910 praesertim
605 881 700 910 quum
721 874 775 911 ἴτε.
799 872 855 904 113
877 877 909 904 et
931 875 988 904 126
1010 876 1049 905 de
1070 875 1180 912 quovis
1194 883 1269 912 rege
1283 877 1335 904 aut
1349 874 1523 918 dueedicta
1535 882 1609 904 esse
1622 875 1809 912 possint.-

231 932 337 961 Altera
356 937 430 966 pars
451 930 586 958 continet
600 937 648 965 ea,
670 937 751 966 quae
772 933 841 959 ante
854 931 982 960 Romam
1003 932 1156 961 conditam
1175 931 1206 960 in
1225 931 1285 961 illis
1306 931 1384 960 locis
1405 932 1494 967 gesta
1513 933 1586 960 sunt
1605 929 1673 967 (ἴτε.
1685 929 1808 966 5—24).

230 989 303 1024 Ipsa
315 987 423 1016 iterum
436 989 485 1015 est
499 986 730 1022 quadripartita,
742 995 810 1015 nam
821 987 939 1023 pn'mus
953 989 1041 1017 locus
1056 991 1106 1017 est
1116 989 1155 1017 de
1163 988 1308 1024 Aborigffl'
1310 988 1379 1016 ibus
1394 984 1463 1023 (ἴτε.
1469 986 1571 1022 5-7),
1580 975 1660 1016 alter
1670 987 1807 1027 deQ-

215 1043 285 1084 ν,ηὶει
297 1039 367 1082 (frg.
377 1040 484 1078 8et9),
498 1041 607 1071 tertius
626 1041 790 1088 dchis
799 1041 866 1079 (frg.
879 1042 1019 1080 10—16),
1028 1045 1153 1080 quartus
1168 1042 1400 1086 GQAEQQQJCI
1416 1043 1520 1079 potius
1539 1042 1579 1072 de
1594 1043 1702 1072 Aenea
1717 1045 1808 1078 atque

232 1098 403 1129 Aeneadis.
444 1098 511 1127 Jam
526 1097 801 1134 demonstraturus,
823 1098 936 1135 quibus
951 1099 981 1128 in
994 1099 1169 1136 fragmentis
1190 1099 1229 1129 ab
1251 1099 1356 1128 ordine
1369 1098 1593 1135 Wageneriano
1615 1100 1646 1127 et
1657 1097 1808 1128 Rothiano

233 1154 445 1183 recedendum
460 1160 534 1182 esse
551 1154 734 1188 censuerim,
752 1154 782 1182 in
799 1154 929 1190 singulis
948 1154 1100 1191 cujusque
1116 1155 1177 1183 loci
1196 1154 1372 1190 fragmentis
1389 1161 1450 1182 non
1461 1154 1611 1182 morabor.
1636 1152 1716 1182 Nihil
1729 1153 1809 1181 enim

233 1210 296 1240 hoc
310 1209 406 1239 habet
416 1209 561 1238 momenti
581 1217 683 1245 neque
697 1210 791 1246 fugiet
811 1218 890 1245 eum,
913 1211 964 1246 qui
978 1211 1150 1240 accuratius
1174 1218 1226 1240 res
1249 1210 1479 1246 comparaverit,
1500 1210 1572 1245 quid
1593 1210 1624 1238 in
1637 1208 1696 1238 hac
1710 1216 1743 1238 re
1756 1216 1808 1238 se-

234 1269 325 1296 cutus
341 1265 410 1295 sim.
430 1265 535 1302 Atque
547 1264 587 1294 de
601 1265 699 1302 primo
714 1266 785 1295 loco
801 1266 997 1296 consentiunt
1010 1274 1129 1301 omnes,
1143 1265 1201 1295 nisi
1216 1264 1299 1303 quod
1314 1266 1369 1302 ἴτε.
1383 1265 1401 1295 5
1414 1265 1568 1302 Wagener
1582 1265 1620 1295 de
1632 1264 1807 1302 Phrygibus

232 1322 347 1352 dictum
368 1323 466 1358 putat,
482 1309 549 1357 'ego
572 1329 642 1350 cum
663 1321 775 1350 Rothio
797 1321 837 1351 de
857 1321 1093 1359 Aboriginibus;
1120 1324 1282 1359 utrumque
1305 1322 1398 1351 licere
1419 1321 1507 1351 facile
1527 1321 1693 1359 apparebit.
1727 1320 1808 1351 Reli-

232 1387 362 1415 quorum
377 1381 480 1406 autem
500 1378 650 1406 rationem
672 1382 705 1406 ut
719 1379 846 1406 reddam
866 1378 1123 1414 proficiscendum
1144 1379 1264 1406 videtur
1283 1386 1301 1405 a
1315 1378 1435 1406 Tuscis.
1475 1378 1520 1406 De
1533 1378 1653 1406 Pisanis
1667 1378 1697 1405 in
1710 1378 1807 1414 primo

232 1436 311 1465 libro
346 1437 490 1463 accurate
525 1434 588 1470 egit
621 1434 695 1464 Cato
727 1433 795 1470 (ἴτε.
821 1434 873 1470 16;
908 1434 987 1463 Roth
1017 1441 1093 1463 sane
1124 1437 1230 1463 contra
1259 1434 1400 1463 codicum
1426 1433 1634 1462 auctoritatem
1668 1432 1806 1462 secundo

230 1492 309 1521 libro
329 1490 437 1519 inserit
456 1488 684 1525 fragmentum),
707 1489 792 1527 quod
813 1489 878 1519 fieri
899 1497 959 1519 non
979 1489 1092 1527 potuit,
1114 1489 1174 1520 nisi
1193 1496 1244 1519 res
1264 1489 1435 1518 Tuscorum
1455 1488 1485 1517 in
1505 1488 1601 1525 primo
1622 1487 1699 1517 libro
1721 1495 1809 1517 enar-

233 1548 346 1575 rasset.
388 1545 434 1573 Ne
448 1545 575 1572 Aeneae
597 1545 720 1580 quidem
741 1553 792 1574 res
808 1547 913 1580 gestas
929 1553 1049 1573 narrare
1068 1546 1195 1581 poterat,
1215 1544 1274 1573 nisi
1289 1544 1461 1580 praemissa
1479 1543 1650 1572 Tuscorum
1670 1542 1807 1572 historia.

233 1603 302 1638 (frg.
331 1600 393 1636 10.)
428 1600 494 1628 Jam
516 1600 598 1636 optio
622 1601 723 1635 datur,
745 1604 860 1635 utrum,
881 1602 912 1630 id
935 1602 1018 1636 quod
1039 1609 1118 1629 nunc
1140 1601 1278 1629 homines
1301 1601 1383 1629 docti
1404 1601 1506 1628 facere
1526 1600 1641 1632 solent,
1663 1599 1808 1627 Catonem

231 1657 350 1688 fecisse
370 1654 523 1692 suspicari
544 1655 693 1691 malimus,
716 1659 749 1685 ut
768 1656 852 1685 initio
871 1664 921 1686 res
943 1657 1115 1686 Tuscorum
1136 1656 1348 1692 perscriberet,
1363 1664 1401 1684 an
1418 1655 1593 1691 ubieunque
1608 1655 1638 1683 in
1651 1655 1744 1684 rebus
1758 1662 1807 1683 re-

218 1739 219 1743 ,
235 1721 306 1752 gum
320 1713 528 1743 Romanorum
541 1710 674 1740 Tuscum
694 1711 840 1749 oppidum
864 1712 1163 1742 commemorandum
1184 1714 1256 1747 erat,
1276 1711 1453 1742 substitisse
1467 1713 1497 1741 et
1510 1711 1656 1748 originem
1669 1710 1736 1747 eJus
1752 1718 1808 1746 op-

233 1770 298 1806 pidi
312 1772 405 1804 atque
421 1767 533 1800 omnia,
556 1774 631 1802 quae
653 1767 683 1795 in
697 1775 735 1796 ea
748 1768 874 1804 regi0ne
886 1768 1065 1797 admiranda
1080 1768 1264 1802 viderentur,
1280 1768 1373 1796 veluti
1387 1765 1742 1819 saltfflffggrfflrg.
1759 1763 1807 1800 13)

130 1821 134 1824 χ
235 1825 415 1860 plenissime
438 1822 629 1858 explicasse,
657 1823 708 1850 vix
728 1826 762 1851 ut
782 1823 850 1859 ipse
871 1824 1049 1852 meminisse
1071 1826 1199 1859 posset,
1232 1807 1458 1859 &loco-‘fes
1485 1824 1690 1851 Romanorum
1715 1821 1807 1849 dese-

104 1826 139 1970 s
217 1881 367 1918 ¹ruisset;
398 1878 555 1914 quaeritur
574 1880 670 1907 utrum
691 1887 783 1908 unum
806 1880 894 1915 quasi
922 1888 1036 1915 eorpus
1057 1880 1194 1908 Etruriae
1222 1880 1434 1914 expressisse,
1462 1887 1501 1906 an
1522 1886 1579 1914 per
1603 1880 1700 1906 totum
1727 1885 1807 1913 opus

214 1936 410 1965 z'ruscorum
435 1934 571 1963 membra
597 1934 782 1970 dispersisse
807 1937 959 1972 putandus
986 1937 1027 1966 sit
1059 1937 1142 1966 Cato.
1184 1936 1332 1970 Accedit,
1366 1936 1450 1972 quod
1478 1936 1605 1963 alterum
1633 1935 1687 1970 frg.
1724 1935 1807 1961 certo

215 1980 303 2037 {libri
327 1998 453 2019 numero
476 1990 627 2026 signatum
648 1989 713 2026 (frg.
737 1990 785 2026 11)
812 1992 882 2021 item
913 2001 951 2021 ex
977 1993 1073 2030 primo
1096 1994 1145 2021 est
1165 1992 1252 2021 libro.
1295 1992 1554 2021 Commemoratur
1575 1990 1698 2028 quidem
1719 1988 1807 2025 quasi

237 2048 267 2076 in
289 2047 417 2076 transitu
439 2046 561 2083 Capena
582 2046 612 2074 in
634 2046 711 2075 Tulli
730 2048 811 2084 regis
832 2049 925 2078 rebus
948 2050 1043 2086 gestis
1072 2048 1149 2085 (Liv.
1171 2050 1193 2085 I,
1215 2048 1263 2084 30,
1285 2048 1327 2085 5),
1350 2049 1409 2079 sed
1430 2057 1491 2078 non
1512 2048 1562 2083 ita,
1582 2050 1617 2076 ut
1636 2053 1674 2074 ea
1694 2053 1807 2082 oppor-

236 2104 363 2132 tunitate
385 2104 488 2132 oblata
508 2103 546 2131 ad
567 2102 647 2131 hanc
669 2104 904 2139 descriptionem
931 2105 998 2141 (frg.
1023 2106 1152 2142 11—13)
1182 2107 1302 2134 delatus
1319 2105 1417 2134 videri
1437 2105 1540 2142 possit
1560 2103 1644 2132 cato.
1691 2100 1808 2139 Quodsi

235 2160 385 2189 Etruriam
413 2160 442 2187 in
463 2159 560 2195 primo
582 2159 659 2187 libro
682 2160 854 2195 descripsit,
878 2162 1000 2189 dubium
1021 2163 1118 2190 videri
1145 2170 1206 2190 non
1227 2165 1345 2198 potest,
1378 2162 1450 2198 quin
1472 2161 1561 2188 etiam
1583 2165 1634 2192 ea,
1662 2165 1742 2194 quae
1769 2158 1807 2185 de

236 2216 359 2247 Sabinis
381 2215 512 2250 tradidit,
536 2215 673 2245 similiter
695 2216 780 2252 operi
801 2217 969 2252 inseruerit,
991 2218 1170 2253 praesertim
1192 2226 1284 2254 quum
1305 2218 1477 2247 arctissime
1499 2222 1568 2243 cum
1588 2212 1806 2250 Aboriginibus

235 2272 401 2309 conjuncta
422 2271 490 2299 sint.
513 2270 563 2306 (cf.
586 2272 640 2307 frg.
663 2271 703 2307 8.)
745 2273 848 2308 Itaque
870 2273 1007 2302 secundo
1029 2274 1099 2303 loco
1120 2274 1212 2310 posui
1232 2274 1409 2309 fragmenta,
1432 2278 1511 2308 quae
1532 2273 1604 2299 sunt
1623 2270 1663 2298 de
1677 2268 1806 2298 Sabinis.

232 2329 278 2358 De
302 2330 410 2364 quarto
433 2327 503 2356 loeo
526 2335 586 2356 non
607 2330 664 2362 est,
688 2329 772 2364 quod
787 2329 907 2365 addam,
930 2330 988 2358 nisi
1003 2330 1056 2367 ἴτε.
1072 2330 1119 2365 24,
1143 2330 1227 2367 quod
1248 2331 1297 2358 est
1318 2329 1357 2357 de
1377 2329 1479 2357 monte
1493 2327 1623 2361 Albano,
1645 2326 1682 2356 ab
1696 2325 1806 2356 Rothio

297 2415 324 2429 s

185 2427 298 2455 Α]
